2210 3788
938 306 1204 341 paliurum.
1922 321 1975 353 χι

383 432 423 462 s
452 420 723 462 manifestum
755 428 820 462 est
851 421 993 461 minus
1022 428 1216 462 accurate
1249 424 1359 464 inter
1389 437 1434 464 se
1462 432 1624 478 aptatas
1646 425 1793 468 fuisse.
1847 430 1972 470 Fora-

345 486 474 531 -.-ω1)ο
516 478 782 531 infundendo
821 489 1080 543 plerumque
1112 489 1156 529 in
1186 490 1317 531 altero
1352 497 1446 532 utro
1476 493 1623 534 aculeo
1655 493 1812 536 formae
1844 495 1973 539 fuisse

274 525 355 572 ’χ’
345 563 456 612 tet,
505 557 619 621 quod
661 557 876 599 nonnullis
919 555 1148 611 glandibus
1187 570 1301 600 nunc
1341 572 1509 614 quoque
1550 561 1607 602 ibi
1649 563 1813 616 plumbi
1854 567 1974 618 quasi

288 679 292 686 ,
345 625 596 670 adhaeret
646 625 730 682 (ex.
779 639 841 680 gr.
891 627 1076 668 Graecae
1126 627 1262 667 musei
1301 628 1556 670 Basileensis
1585 632 1643 671 -in
1688 633 1976 675 Visoherianis

255 737 263 741 ..
306 676 350 696 ἢ
330 708 460 746 mm
489 697 536 738 in
565 696 786 750 plerisque
817 694 1017 736 desectus
1048 695 1117 736 sit.
1180 696 1350 736 Formas
1381 696 1513 738 fuisse
1543 700 1790 752 argillaeeas
1820 716 1899 756 per
1927 716 1973 744 se

288 754 386 780 ·⁴'''
422 764 686 808 simillimum
728 769 772 805 et
811 763 1053 805 coniecerat
1092 765 1375 806 Mommsenus
1415 765 1543 820 Corp.
1578 767 1593 807 1
1633 780 1675 821 p.
1705 770 1809 822 188,
1858 784 1973 814 nunc

442 831 627 887 probare
669 845 842 887 possum
885 832 1080 886 exemplo
1127 831 1286 873 formae
1327 835 1550 888 antiquae,
1616 838 1740 878 ouius
1782 840 1974 880 notitiam

420 899 533 955 golfo
543 900 815 959 Kieseritzky
844 902 1057 954 cuiusque
1088 901 1317 954 imaginem
1350 904 1578 958 archetypo
1609 918 1806 947 mensura
1828 920 1973 960 parem

406 969 587 1012 altera
617 983 642 1012 a
671 970 806 1042 latere
837 976 1016 1024 excepta
1052 969 1113 1025 (ll)
1151 969 1263 1051 infra
1297 971 1485 1014 exhibui.

200 3053 385 3105 <finaeo
413 3058 544 3101 {orma
579 3058 665 3116 (fig.
691 3061 708 3101 Ῑ
739 3067 781 3102 et
811 3062 860 3116 II)
897 3075 1008 3104 anno
1049 3062 1158 3104 1870
1192 3063 1475 3116 Phanagoriae
1511 3068 1683 3117 reperta
1713 3069 1800 3112 est,
1849 3077 1964 3105 nune

293 3144 311 3163 a
321 3128 407 3182 ·rgi
437 3129 482 3170 in
502 3141 648 3184 museo
679 3130 906 3185 imperiali,
942 3123 1057 3186 quod
1087 3131 1142 3173 ab
1173 3145 1316 3173 eremo
1337 3138 1500 3184 vocant,
1536 3132 1801 3174 adservatur.
1855 3133 1965 3174 Cou—

224 3173 417 3252 argilla
455 3182 618 3251 ooetili3
672 3197 784 3263 infra
823 3198 847 3240 b
887 3200 1035 3241 mutila
1077 3207 1165 3253 est3
1209 3201 1311 3242 item
1351 3200 1473 3241 deest
1508 3201 1639 3241 altera
1679 3201 1836 3242 formae
1866 3214 1964 3255 pars

245 3265 477 3321 gemina,
519 3278 630 3320 quae
660 3256 790 3322 supra
832 3269 942 3310 haue
973 3269 1136 3311 infrave
1169 3269 1451 3312 collocabatur
1489 3275 1533 3310 et
1577 3270 1708 3311 clavis
1747 3276 1958 3324 quattuor,

190 3318 229 3389 J
272 3327 480 3376 stramina
525 3334 609 3377 duo
654 3349 682 3378 a
725 3343 767 3378 et
824 3339 988 3392 reliqua
1034 3352 1149 3380 nuno
1195 3339 1437 3380 deficientia
1482 3351 1558 3380 sex
1603 3339 1809 3390 traiectis,
1867 3352 1960 3380 cum

191 3393 263 3460 ’,ς
283 3403 571 3458 coaptabatur.
633 3406 679 3447 In
709 3407 929 3460 superiore
960 3408 1086 3449 huius
1126 3407 1350 3461 fragmenti
1382 3414 1530 3460 parte,
1569 3421 1676 3461 quae
1718 3407 1830 3449 bene
1860 3421 1963 3449 con-

310 3490 314 3507 :
355 3474 442 3527 est,
477 3475 636 3516 canalis
665 3488 687 3517 c
716 3475 982 3518 infundendo
1013 3476 1186 3531 plumbo
1218 3483 1376 3528 exstat;
1413 3490 1514 3518 cava
1545 3477 1581 3530 b,
1607 3478 1648 3530 d,
1674 3478 1702 3518 d
1740 3490 1875 3531 usque
1906 3477 1959 3518 ad
