2242 3776
351 293 413 339 54
991 300 1197 333 GLANDES
1220 299 1484 332 PERVSINAE.

350 434 415 468 56.
445 434 626 468 63—68.
653 431 720 466 77.
748 432 815 466 78.
845 431 893 466 84
927 433 965 465 et
993 427 1255 474 probabiliter,
1293 432 1333 464 ut
1360 428 1450 471 dixi,
1485 430 1644 473 propter
1674 426 1844 463 fulminis
1875 426 2036 472 figuram
2065 427 2130 464 vel
2201 407 2205 414 ἲ

349 499 462 535 etiam
499 493 579 546 (76)
614 500 771 543 propter
800 497 988 542 legionem
1022 498 1089 534 72.
1122 498 1190 532 73.
1225 499 1293 532 76.
1328 498 1394 532 93.
1429 498 1497 532 95.
1534 497 1627 531 100.
1662 496 1754 531 104.
1792 497 1891 538 105,
1937 504 2010 531 nec
2049 504 2129 532 non
2182 503 2207 553 'L

354 561 513 616 (collatis
545 568 611 603 72.
650 562 714 613 73)
754 566 798 601 71
837 568 874 601 et
907 566 972 601 74.
1037 564 1195 600 Ceterae
1233 564 1358 600 utrius
1398 564 1517 609 partis
1556 562 1717 607 fuerint,
1763 563 1802 597 in
1841 561 2021 608 ambiguo
2060 573 2128 599 r«.b
2194 562 2196 567 '

350 635 547 679 linquitur.

347 876 489 932 52[=
511 882 623 928 Corp.
650 882 664 917 Ι
696 892 734 918 n.
762 876 856 930 688]
893 881 1089 924 Perusina,
1124 881 1175 916 da
1205 891 1263 916 me
1291 891 1366 916 non
1396 880 1446 915 ha
1465 881 1578 926 quari
1601 881 1812 926 acquistata
1842 888 2130 918 Rossi-scorrl

432 961 483 986 m.
509 949 628 996 April.
659 952 788 994 1859,
835 949 901 996 qui
942 948 1068 985 adhuc
1106 947 1293 995 possidet.
1356 946 1583 993 Robiginem
1623 946 1740 983 habet
1777 946 1915 986 flavam
1951 948 2129 996 infraque

434 1029 518 1054 eam
539 1018 793 1054 cineraceam.
846 1018 1016 1052 Duarum
1037 1017 1249 1061 marginum
1275 1020 1344 1059 est,
1381 1015 1449 1051 sed
1480 1016 1579 1050 inter
1599 1015 1745 1050 anticae
1774 1026 1815 1051 v.
1841 1018 1854 1052 1
1885 1019 1923 1052 et
1945 1019 1965 1053 2
1998 1016 2130 1064 plum-

408 1085 524 1129 -bum
556 1084 730 1121 nonnihil
760 1085 915 1120 eminet.
978 1084 1123 1120 Pendet
1158 1079 1267 1132 (teste
1298 1083 1440 1119 Scottio
1470 1093 1510 1128 p.
1541 1078 1632 1131 122)
1666 1076 1774 1133 33112
1797 1094 1855 1130 gr.

1146 1194 1177 1220 M
1202 1202 1210 1211 ·
1235 1194 1319 1220 ΑΝΤ

1152 1261 1220 1305 Q·
1254 1250 1317 1320 119¹
1390 1285 1393 1288 .

1178 1303 1331 1400 *w

344 1468 551 1514 Descripsi.
585 1487 641 1493 —
672 1468 742 1504 Ed.
777 1468 859 1505 Ioh.
894 1469 1002 1513 Bapt.
1038 1478 1169 1505 comes
1199 1466 1451 1504 Rossi-Scotti
1484 1467 1663 1504 Giornale
1683 1469 2129 1516 scientifico-letterario-
2189 1458 2229 1503 ’-

344 1537 496 1583 ayrario
537 1537 577 1572 di
606 1536 766 1583 Peruyia
801 1539 905 1573 1859
946 1547 985 1582 p.
1014 1539 1064 1573 65
1113 1531 1216 1584 (inde
1247 1536 1460 1572 Mommsen
1491 1536 1605 1582 Corp.
1640 1536 1655 1571 I
1688 1535 1810 1585 688);
1857 1537 1960 1574 idem
1999 1538 2126 1576 addita
2198 1572 2204 1578 .

341 1604 504 1649 imagine
540 1604 732 1641 Periodico
773 1605 813 1640 di
848 1605 1114 1640 numismatica
1144 1605 1193 1640 111
1239 1599 1376 1652 (1871)
1421 1615 1460 1650 p.
1492 1607 1583 1641 122.
1629 1623 1687 1628 -
1725 1605 1910 1642 Memorat
1945 1600 2042 1656 (scil.
2078 1616 2126 1643 ex

341 1668 589 1719 Mommseno)
628 1672 861 1709 Garruccius
892 1671 985 1719 Syll.
1018 1683 1056 1718 p.
1087 1674 1181 1717 264,
1218 1675 1445 1717 suspectans
1475 1673 1557 1707 sine
1588 1673 1667 1709 ulla
1697 1683 1825 1709 causa.

455 1740 577 1786 Lego:
612 1741 665 1777 M.
699 1734 917 1790 Antffiniusy
946 1740 1008 1776 vel
1040 1734 1214 1791 Antfhm‘)
1239 1734 1245 1790 Ι
1271 1741 1362 1787 imp.
1397 1742 1488 1787 imp.
1552 1740 1594 1776 V.
1631 1743 1651 1777 2
1686 1739 1878 1777 difficilius
1908 1740 2129 1787 agnoscitur

340 1807 409 1844 sed
440 1808 554 1844 lectio
597 1817 682 1843 mea
720 1810 823 1843 certa
855 1811 926 1844 est.
999 1808 1173 1845 Fortasse
1214 1808 1461 1853 cogitandum
1500 1812 1558 1844 est
1597 1808 1645 1844 de
1683 1809 1733 1843 M.
1766 1806 1919 1846 Antonii
1957 1811 2129 1857 impera-

338 1877 432 1912 toris
462 1877 502 1911 in
524 1874 679 1911 Oriente
707 1870 905 1925 (Aegypto)
943 1875 1115 1913 absentis
1146 1877 1388 1913 invocatione
1417 1876 1479 1912 vel
1508 1877 1785 1923 imprecatione
1815 1888 1836 1913 a
1866 1878 1971 1915 Lucii
1999 1878 2128 1916 fratris

338 1942 597 1980 funditoribus
627 1944 825 1990 inscripta.
866 1964 922 1969 —
958 1945 1001 1980 In
1031 1955 1167 1982 averso
1198 1944 1318 1981 latere
1347 1945 1473 1981 littera
1504 1953 1534 1979 M
1566 1945 1612 1981 ad
1645 1946 1858 1992 marginem
1886 1948 2127 1993 superiorem

339 2011 407 2047 sed
448 2021 524 2048 non
559 2013 599 2047 in
634 2012 760 2047 media
796 2012 932 2057 glande
974 2013 1043 2049 sed
1078 2014 1240 2059 propius
1277 2013 1414 2059 angulo
1454 2012 1587 2048 dextro
1628 2013 1748 2059 posita
1780 2018 1857 2059 est,
1903 2025 2002 2061 quae
2033 2015 2127 2062 quid
2202 2016 2204 2021 ’

340 2079 539 2124 significet,
576 2079 737 2115 divinari
769 2081 923 2117 omnino
954 2091 1031 2117 non
1062 2086 1200 2126 potest.

340 2197 396 2241 53
431 2199 624 2252 [Perusiae
664 2206 703 2239 in
733 2201 902 2251 muse0.]
962 2205 1197 2252 Amygdalae
1240 2206 1399 2242 formam
1438 2206 1556 2242 habet
1594 2210 1631 2241 et
1667 2209 1849 2251 quattuor
1889 2207 2131 2254 marginibus

425 2272 463 2306 in
494 2282 603 2307 areas
634 2272 792 2308 totidem
823 2272 945 2308 divisa
979 2277 1048 2309 est.

1057 2353 1082 2388 d
1158 2358 1274 2388 (vacua)

1057 2477 1074 2501 G
1159 2403 1231 2572 Fa}
1236 2476 1282 2501 -X

337 2790 547 2838 Descripsi.
582 2810 639 2815 ——-
668 2792 738 2828 Ed.
774 2792 941 2829 Fabretti
971 2793 1083 2840 Corp.
1109 2794 1229 2830 Inscr.
1254 2794 1330 2830 ital.
1357 2807 1396 2831 n.
1425 2799 1530 2834 2640
1556 2796 1628 2841 bis,
1673 2808 1693 2833 a
1724 2801 1762 2834 et
1800 2797 1878 2834 tab.
1904 2798 2017 2834 XLIV
2048 2798 2122 2834 de-

336 2858 513 2895 lineatam
545 2870 565 2894 a
598 2859 774 2897 Caietano
806 2861 861 2897 De
891 2862 1052 2906 Minicis,
1089 2862 1156 2898 sed
1190 2864 1251 2898 vix
1279 2867 1323 2900 ut
1353 2874 1550 2910 agnoscas.
1583 2898 1588 2902 ,

448 2927 576 2964 Lectio
599 2929 743 2964 incerta
765 2933 835 2973 est,
872 2931 1035 2966 maxime
1057 2930 1219 2967 laterum
1242 2943 1266 2967 a
1286 2936 1322 2968 et
1343 2943 1380 2976 c;
1418 2936 1546 2969 estne:
1599 2933 1703 2981 felem
1728 2927 1735 2983 l
1761 2934 1813 2970 M.
1833 2934 1928 2970 Anto
1955 2927 1996 2985 Ι[
1987 2928 2122 2985 [alfiusj

331 2989 526 3044 paetfiaey?

329 3112 386 3156 54
403 3114 472 3167 [=
493 3119 605 3166 Corp.
631 3121 647 3155 I
678 3131 716 3155 n.
745 3117 840 3169 691]
886 3122 969 3158 sine
991 3122 1076 3159 loco
1113 3119 1164 3171 [in
1186 3133 1319 3160 museo
1341 3121 1558 3174 Perusino.]
1612 3101 1783 3162 Duarum
1804 3127 2018 3172 marginum
2040 3130 2110 3172 est,

419 3188 528 3232 longa
563 3191 705 3236 0,039‚
742 3199 869 3224 crassa
903 3193 1044 3234 0,018.

1068 3290 1088 3316 F
1119 3290 1146 3317 V
1177 3290 1197 3317 ¹³
1226 3290 1311 3330 msam
1342 3293 1368 3317 Α

1070 3354 1297 3386 νεὲςειε

1067 3412 1364 3470 1111111111

2204 3124 2233 3166 1
