2242 3776
1223 1151 1306 1195 ΠΙ.

584 1252 933 1313 GLANDES
988 1252 1071 1310 IN
1124 1251 1485 1311 HISPANIA
1532 1250 1947 1310 REPERTAE.

368 1374 484 1477 Ad
523 1440 669 1477 bellum
709 1452 730 1476 a
770 1440 810 1476 C.
846 1440 1007 1475 Caesare
1049 1438 1235 1475 dictatore
1276 1450 1311 1474 a.
1344 1449 1385 1474 u.
1418 1438 1458 1475 C.
1493 1441 1577 1476 709
1619 1442 1749 1476 contra
1782 1438 1940 1485 Pompei
1978 1437 2078 1486 filios
2113 1440 2154 1475 in
2184 1492 2186 1494 v

368 1510 548 1555 Hispania
579 1512 728 1555 gestum
758 1509 841 1544 iure
862 1507 1084 1543 referuntur
1103 1505 1261 1551 glandes
1281 1516 1382 1552 quae
1402 1510 1631 1552 sequuntur.
1685 1507 1728 1542 In
1749 1505 1949 1544 obsidione
1969 1505 2155 1554 Attaguae
2204 1493 2208 1550 Ἰ,
2227 1532 2242 1560 ἶ

374 1572 436 1625 (cf.
462 1577 576 1623 Corp.
597 1577 630 1612 II
651 1587 690 1622 p.
718 1571 808 1624 194)
837 1575 996 1621 glandes
1026 1573 1216 1610 adhibitas
1237 1583 1332 1624 ‚esse
1363 1573 1505 1610 diserte
1536 1578 1723 1611 memorat
1753 1575 1836 1611 eius
1865 1573 1959 1611 belli
1987 1574 2156 1622 scriptor
2196 1567 2242 1623 ζ’,

367 1654 452 1691 cap.
483 1647 530 1681 13
565 1645 676 1691 ylaris
704 1644 821 1679 missa
852 1647 904 1678 est
933 1643 1137 1690 inscripta,
1182 1653 1253 1689 quo
1284 1642 1345 1678 die
1376 1643 1426 1678 ad
1457 1643 1637 1690 oppidum
1667 1642 1890 1690 capiendum
1920 1642 2150 1688 accederent,
2183 1656 2225 1683 ιζ

365 1723 442 1748 sese
471 1717 616 1748 scutum
646 1722 722 1748 esse
746 1712 978 1758 positurum,
1023 1714 1061 1746 et
1091 1720 1174 1756 cap.
1207 1712 1253 1745 18
1297 1720 1426 1746 servus
1459 1737 1467 1746 .
1489 1737 1497 1745 .
1517 1738 1526 1746 .
1561 1710 1660 1746 clam
1690 1722 1715 1746 a
1747 1710 1919 1747 Caesaris
1949 1710 2157 1758 praesidiis

365 1781 404 1816 in
433 1780 583 1827 Pompei
613 1783 739 1815 castra
769 1779 937 1814 discessit
968 1782 1001 1813 et
1032 1778 1213 1813 indicium
1242 1777 1381 1824 glande
1409 1779 1588 1825 scriptum
1620 1779 1745 1823 misit,
1787 1789 1855 1826 per
1884 1778 1984 1826 quod
2017 1780 2156 1815 certior
2212 1766 2242 1831 ⁵·

363 1848 467 1895 fieret
507 1847 663 1891 Caesar,
717 1857 812 1894 quae
851 1847 890 1882 in
931 1846 1069 1893 oppido
1111 1846 1160 1881 ad
1205 1845 1476 1894 defendendum
1519 1851 1845 1894 compararentur.
1914 1846 1976 1883 Ita
1997 1839 2001 1842 ⁴
2020 1845 2156 1883 litteris
2200 1858 2212 1883 :⁴

367 1916 526 1962 acceptis
563 1926 646 1951 cum
684 1915 722 1950 in
762 1914 939 1961 oppidum
978 1914 1218 1950 revertissent
1256 1915 1321 1961 qui
1348 1914 1498 1950 mittere
1529 1914 1705 1960 ylandem
1735 1915 1955 1963 inscriptam
1984 1913 2156 1952 solebant
2219 1910 2242 1925 ²

366 1986 404 2019 et
433 1993 474 2029 q.
499 1993 531 2018 s.

365 2112 423 2156 49
438 2113 508 2167 [=
531 2118 646 2164 Corp.
669 2118 684 2153 I
714 2128 754 2153 n.
783 2120 854 2154 681
877 2126 885 2162 ;
917 2117 949 2152 ΙΙ
979 2127 1015 2152 n.
1043 2113 1166 2166 4965]
1207 2127 1291 2163 rep.
1316 2127 1436 2163 prope
1468 2117 1601 2157 Utrera
1638 2114 1822 2166 [Iulianus
1851 2118 1899 2155 de
1921 2117 2059 2166 Ayllon
2080 2116 2154 2156 (1οέ-
2198 2091 2238 2170 -Η,

423 2186 528 2222 navit
558 2186 763 2221 Francisco
794 2185 949 2222 Perezio
981 2179 1142 2233 BAYER].
2078 2195 2080 2197 ·
2142 2178 2144 2181 '
2214 2171 2238 2198 '¹¹

1048 2752 1101 2779 cN
1129 2761 1136 2769 ·
1164 2753 1252 2780 MAG
1307 2739 1325 2794 )(
1385 2753 1451 2780 ιΜΡ

365 2855 488 2901 Bayer
517 2857 556 2890 in
587 2855 747 2901 epistula
780 2856 828 2892 de
858 2857 934 2892 situ
963 2857 1149 2901 Mundae,
1187 2868 1286 2904 quae
1317 2861 1437 2893 exstat
1467 2858 1506 2893 in
1536 2858 1687 2894 Ioannis
1718 2857 1767 2895 de
1796 2859 1964 2895 Mariana
1993 2858 2152 2896 historia
2198 2876 2218 2911 ..'

363 2923 462 2959 edita
487 2923 681 2959 Valentiae
711 2923 786 2960 vol.
816 2927 836 2960 9
872 2918 1010 2974 (1796)
1045 2935 1086 2970 p.
1111 2924 1269 2970 CLXIII,
1304 2925 1374 2961 ubi
1413 2920 1512 2973 (cum
1543 2925 1694 2964 duabus
1723 2936 1800 2963 non
1829 2922 2036 2976 inscriptis)
2072 2926 2151 2962 aeri
2191 2911 2222 2980 J

362 2991 483 3027 incisa
523 2994 700 3026 accurate
740 2991 943 3028 exhibetur
980 2987 1033 3041 (ut
1062 2992 1213 3043 supra).
1276 2993 1369 3029 Inde
1408 2993 1527 3030 edidit
1566 2992 1749 3030 Huebner
1778 2994 1892 3040 Corp.
1917 2990 1951 3030 ΙΙ
1983 2995 2091 3033 4965
2115 3003 2148 3032 1.
2195 2997 2219 3043 ‘J

361 3057 420 3095 Ab
454 3058 591 3095 eodem
621 3059 766 3104 Bayero
798 3059 932 3096 habuit
963 3060 1226 3105 Casas-Deza,
1271 3062 1380 3097 cuius
1418 3072 1439 3097 e
1481 3061 1634 3098 schedis
1671 3061 1735 3098 ed.
1766 3060 1949 3098 Huebner
1977 3063 2152 3100 Monats-

366 3126 526 3162 berichte
561 3129 659 3163 1861
698 3137 737 3172 p.
768 3129 868 3173 ⁴⁴2,
911 3128 1014 3164 unde
1044 3129 1255 3164 Mommsen
1286 3128 1400 3174 Corp.
1425 3130 1440 3164 Ι
1474 3133 1544 3166 681
1592 3125 1651 3175 (ex
1679 3130 1754 3166 hoc
1786 3130 1969 3167 Garrucci
2004 3125 2146 3180 1071).

474 3195 569 3230 Item
609 3195 647 3230 in
678 3196 843 3230 nummis
884 3204 1216 3232 CN·MAGst·1MP
1258 3197 1475 3233 nominatur
1506 3198 1660 3234 Gnaeus
1691 3198 1845 3245 Pompei
1875 3198 2002 3244 Magni
2030 3197 2144 3244 filius,
2178 3181 2226 3222 1²:

363 3273 452 3298 cum
473 3263 632 3308 Mayrius
651 3273 730 3299 non
755 3263 967 3309 praemisso
987 3264 1235 3310 praenomine
1255 3264 1441 3310 significet
1461 3270 1629 3312 patrem;
1665 3266 1755 3302 vide
1774 3267 2054 3303 Mommsenum
2072 3264 2100 3301 1.
2117 3265 2144 3302 l.
2196 3292 2214 3303 .

365 3329 570 3365 Glandium
602 3341 679 3367 non
715 3332 1010 3376 inscriptarum,
1055 3341 1151 3377 quas
1181 3333 1370 3378 Bayerum
1408 3334 1487 3369 aeri
1526 3334 1666 3370 incisas
1703 3334 1798 3371 ibid.
1830 3332 2014 3370 exhibere
2053 3333 2144 3380 dixi,
2198 3375 2212 3378 Δ

362 3397 459 3434 haee
481 3402 538 3433 est
567 3409 765 3434 mensura:
822 3394 856 3447 1)
896 3402 1447 3444 Ο,042><0,016-0,017;
1493 3397 1530 3448 2)
1570 3396 2168 3458 0',05><0‚045—0,0⁴7m.j
2210 3396 2215 3421 ’-
