2210 3788
314 327 387 357 XX

1064 317 1180 349 PRAE
1184 317 1312 350 FA'rlo
1318 343 1326 350 .

406 465 414 474 .
447 432 784 474 Marzabotto.
850 430 912 470 lbi
950 436 1036 470 tres
1075 430 1250 483 glandes
1292 435 1486 482 repertae
1524 434 1623 469 sunt
1663 427 1730 481 (of.
1774 429 1892 469 Gozz.
1937 441 1979 481 p.
2005 427 2094 483 62),

448 513 626 554 quarum
658 512 741 540 una
770 497 961 551 pendens
993 498 1043 537 40
1066 510 1127 550 gr.
1163 498 1337 538 exhibet

869 571 929 606 tre
957 566 995 605 X
1024 566 1225 606 alternate
1255 566 1297 605 in
1328 565 1404 605 due
1434 563 1547 618 rz‘yhe

452 651 627 699 appunto
672 657 777 686 come
821 645 1093 686 s’incontrano
1139 656 1293 684 ancora
1334 643 1494 698 yraffite
1525 648 1634 684 tanto
1675 644 1718 683 in
1761 656 1818 683 un
1848 655 1945 684 vaso
1983 643 2100 696 fictile

449 719 596 768 quanto
627 715 669 754 in
700 726 757 753 un
788 713 938 754 ciottolo
969 712 1077 752 della
1105 713 1308 765 necropolz·
1335 712 1380 752 di
1415 711 1683 753 Marzabotto.
1757 712 1867 752 Haec
1897 715 2101 752 memorat

448 782 691 834 Gozzadini,
746 781 790 821 di
817 793 900 820 una
937 791 1097 832 necrop.
1140 793 1167 819 a
1195 779 1450 820 Marzabotto
1489 780 1554 820 nel
1590 779 1807 833 Boloynese
1839 779 1946 819 4865
1978 793 2022 833 p.
2045 779 2096 819 63

448 850 591 892 addita
631 850 813 903 imagine
855 847 940 888 tab.
968 848 1034 899 49,
1062 849 1101 899 9,
1150 860 1234 900 qua
1273 853 1414 888 tamen
1455 847 1562 888 duae
1603 853 1766 888 tantum
1796 849 1834 887 X
1873 859 2100 901 expressae

448 926 569 971 sunt,
604 919 702 959 hac:

446 1281 579 1320 altera
608 1278 800 1332 pendens
832 1280 884 1320 28
917 1292 980 1332 gr.
1013 1278 1163 1320 habet:

1178 1360 1219 1400 V

444 1438 513 1482 che
537 1451 624 1491 pur
654 1439 692 1478 si
720 1437 817 1478 vede
845 1450 924 1478 non
956 1439 1000 1479 di
1026 1438 1129 1478 rado
1169 1439 1211 1478 in
1236 1437 1401 1491 fiyuline
1439 1437 1487 1477 ed
1517 1438 1560 1477 in
1599 1437 1746 1478 bronzi
1780 1438 1956 1479 etruschi
1990 1443 2100 1481 teste

445 1506 592 1547 eodem
614 1505 862 1548 Gozzadinio
893 1507 921 1547 l.
942 1507 971 1546 l.
1004 1529 1063 1537 —
1092 1506 1155 1548 Cf.
1190 1507 1339 1546 Koerte
1369 1502 1523 1546 Annali
1548 1505 1635 1546 dell’
1657 1507 1759 1547 Inst.
1789 1505 1897 1546 4877
1927 1520 1970 1560 p.
1998 1507 2095 1548 470.

447 1576 528 1616 Has
568 1574 743 1627 glandes
790 1587 884 1615 eum
915 1575 1097 1615 Romana
1136 1579 1270 1614 aetate
1300 1574 1464 1626 priores
1496 1586 1588 1615 esse
1618 1573 1837 1627 probabile
1869 1576 1944 1628 sit,
1988 1576 2030 1617 h.
2065 1576 2096 1616 l.

444 1650 563 1685 extra
592 1643 783 1684 ordinem
813 1643 1054 1684 memoravi.

399 1744 408 1753 .
443 1712 719 1752 Faesulae:
757 1711 855 1752 vide
886 1725 929 1764 p.
952 1712 1045 1751 XIX
1075 1723 1118 1750 n.
1143 1711 1183 1762 3,
1205 1711 1236 1749 I.

425 1812 435 1821 .
477 1780 772 1833 [Florentia:
806 1778 905 1820 vide
936 1780 1124 1819 HAmes
1156 1778 1266 1819 infra
1295 1791 1337 1831 p.
1372 1777 1551 1832 XXXV].

399 1879 407 1888 .
446 1849 627 1903 Poyyio
668 1848 743 1888 del
784 1847 1088 1888 Castellare
1127 1859 1254 1900 supra
1292 1848 1426 1886 Pisam
1465 1847 1508 1886 in
1548 1848 1640 1899 ripa
1671 1845 1819 1887 dextra
1848 1846 1976 1901 Arni,
2013 1847 2099 1901 *ubi

443 1916 582 1956 influit
620 1917 739 1956 rivus
776 1916 966 1956 Ferezza.
1028 1915 1148 1956 Nella
1183 1914 1353 1968 pendice
1397 1914 1441 1955 de·
1478 1920 1613 1969 questo
1653 1915 1795 1969 Poqqio
1833 1915 1902 1956 che
1936 1916 2101 1970 quarda

442 1986 636 2036 Levante‚
678 1985 717 2025 si
746 1990 914 2025 trovano
952 1996 1087 2037 spesso
1126 1988 1230 2024 certe
1258 1982 1432 2037 9hiande
1461 1983 1505 2023 di
1529 1982 1708 2036 pambo,
1753 1983 1798 2024 di
1823 1995 1916 2036 peso
1946 1983 1991 2025 di
2018 1984 2099 2025 da—

440 2053 542 2093 nari
568 2054 619 2095 24
661 2052 731 2106 [=
753 2053 821 2105 24,
847 2066 883 2092 78
914 2051 993 2105 gru]
1029 2051 1077 2092 ed
1107 2051 1234 2092 anche
1263 2041 1298 2091 α’
1329 2051 1397 2091 un'
1429 2052 1545 2091 oncia
1579 2050 1649 2104 [=
1670 2052 1738 2103 28,
1764 2064 1801 2092 26
1821 2050 1900 2104 gin]
1936 2051 1963 2092 Γ
1992 2064 2094 2107 una,

442 2122 484 2161 in
511 2120 649 2173 forma
679 2121 723 2161 di
751 2120 829 2161 due
865 2119 1023 2161 conoide·
1057 2119 1265 2172 iperbolz‘ci
1302 2119 1506 2173 conyiunti
1544 2119 1647 2160 colla
1684 2118 1803 2171 base,
1853 2131 1873 2159 e
1903 2121 2029 2161 simili
2056 2117 2100 2162 ir!

439 2194 550 2230 certa
569 2189 757 2229 maniera
777 2188 856 2230 alle
874 2182 1020 2228 ‘Pietre
1044 2181 1290 2228 Giudaiche'.
1319 2219 1355 2228 ..
1371 2218 1381 2228 .
1412 2189 1473 2228 Un
1492 2188 1678 2240 pecoraio
1708 2187 1777 2228 che
1805 2187 1900 2228 nell'
1930 2189 2100 2229 inverno

442 2263 562 2298 stava
591 2258 634 2297 in
664 2262 796 2310 questo
829 2258 985 2311 Poyyio,
1019 2268 1069 2296 ne
1095 2256 1242 2309 faceva
1271 2256 1449 2305 ricema,
1486 2267 1506 2296 e
1535 2268 1585 2296 ne
1615 2255 1798 2296 vendeva
1826 2268 1936 2310 yran
1965 2269 2100 2311 quan-

443 2327 516 2367 τίιὰ
545 2320 585 2365 α’
610 2325 810 2378 pentolaj‚
848 2337 925 2377 per
955 2325 998 2365 la
1037 2325 1326 2377 composizione
1371 2324 1478 2364 della
1508 2324 1683 2364 vetrina.
1745 2325 1789 2364 Ιο
1828 2336 1879 2364 ne
1915 2325 2053 2366 cercai
2079 2337 2101 2365 e

441 2406 491 2433 ne
516 2393 598 2446 feci
636 2393 761 2433 anche
796 2405 960 2434 cercare
990 2393 1044 2433 da
1081 2393 1205 2441 altri,
1253 2405 1322 2433 ma
1357 2405 1437 2432 non
1466 2404 1516 2432 ne
1540 2393 1650 2445 potei
1678 2396 1861 2444 trovare,
1916 2392 1986 2433 che
2014 2393 2098 2434 sole

442 2462 533 2502 due.
597 2462 656 2501 Ne
696 2461 744 2500 ho
784 2460 896 2502 bens&
926 2461 1067 2502 vedute
1103 2460 1316 2513 parecchie
1352 2461 1395 2500 in
1426 2461 1612 2512 Firenze,
1652 2460 1719 2500 nel
1748 2461 1886 2502 Museo
1923 2460 2095 2515 delrsiq.

443 2530 632 2570 canonico
666 2529 751 2568 Gio.
790 2530 985 2570 Vincenzo
1017 2528 1077 2569 de’
1108 2528 1313 2570 Mar-chesi
1344 2529 1533 2581 Gappom',
1555 2528 1676 2569 ‘nelle
1706 2529 1823 2582 quali
1849 2530 1888 2569 si
1915 2527 2013 2569 vede
2040 2541 2099 2569 un

442 2599 583 2638 incavo
628 2596 808 2651 quadro,
858 2598 900 2637 in
945 2599 1012 2638 cui
1054 2596 1217 2638 sembra
1259 2596 1415 2649 fossero
1460 2596 1560 2636 delle
1604 2596 1753 2637 lettere.
1802 2626 1810 2635 .
1841 2626 1849 2636 .
1906 2596 2098 2650 Targioni

442 2666 620 2705 Tozzetti
651 2664 855 2704 relazz'oni
883 2665 919 2704 d’
952 2666 1092 2706 alcuni
1118 2666 1255 2719 viayqi
1283 2665 1299 2703 Ι
1336 2663 1474 2718 (4768)
1510 2676 1553 2716 p.
1578 2664 1677 2705 352.

441 2732 756 2775 Montalcz'no
803 2731 946 2786 (prope
989 2731 1147 2786 Siena).
1229 2732 1291 2772 Ibi
1330 2738 1522 2784 repertae
1562 2738 1661 2772 sunt
1700 2737 1787 2772 tres
1824 2731 2001 2784 glandes
2031 2732 2100 2772 in-

441 2801 668 2854 scriptione
723 2807 934 2854 carentes,
992 2814 1107 2841 nunc
1154 2807 1345 2841 servatae
1386 2799 1539 2840 Leidae
1579 2800 1622 2840 in
1671 2812 1816 2840 museo
1854 2799 2026 2853 publico
2065 2801 2100 2841 V

441 2870 681 2909 848—850.
741 2871 900 2922 Eotypa
930 2869 1088 2921 insigni
1118 2868 1405 2909 benivolentia
1435 2868 1535 2908 mihi
1565 2868 1680 2908 misit
1706 2867 1878 2908 Carolus
1898 2869 2100 2908 Leemans

440 2951 476 2978 a.
506 2939 629 2978 4880.
695 2938 756 2979 Cf.
781 2939 969 2990 Ianssen,
1005 2937 1053 2977 de
1077 2936 1302 2988 Grielcsche‚
1337 2935 1593 2976 Romeinsche
1622 2948 1671 2976 en
1697 2935 1934 2977 Etrurische
1953 2937 2101 2977 Monu-

440 3011 597 3046 menten
616 3018 698 3046 van
719 3006 782 3046 het
803 3007 987 3046 Museum
1007 3017 1090 3045 van
1111 3005 1315 3045 oudheden
1337 3009 1372 3044 te
1392 3004 1550 3057 Leyden
1577 3003 1757 3057 (Leyden
1783 3002 1904 3057 4848)
1933 3017 1974 3057 p.
1997 3004 2095 3044 348.

397 3105 407 3114 .
443 3074 675 3114 Clusium
698 3081 739 3114 et
760 3075 847 3113 looa
864 3074 974 3114 laeui
990 3073 1231 3113 Trasimeno
1248 3073 1407 3113 vicina:
1433 3071 1530 3112 vide
1546 3072 1704 3124 p.XIX,
1726 3081 1770 3107 111
1786 3081 1892 3121 etV1;
1914 3084 1959 3111 n.
1973 3070 2042 3124 72,
2063 3085 2096 3113 2.

442 3143 526 3183 Hoc
546 3142 632 3182 loco
654 3141 848 3183 addenda
871 3147 934 3181 est
956 3142 1075 3194 glans
1104 3135 1284 3193 ‘reperta
1308 3141 1351 3180 in
1373 3141 1460 3180 loco
1481 3141 1553 3192 qui
1574 3139 1730 3180 dicitur
1752 3139 1778 3180 Z’
1801 3139 1948 3180 Ossaia
1967 3152 2099 3192 prope

444 3211 680 3251 Cortonam.
743 3208 993 3250 Asservatur
1023 3209 1150 3248 Firmi
1182 3209 1225 3247 in
1256 3221 1401 3249 museo
1433 3208 1621 3248 Caietani
1651 3200 1906 3248 Deminieis'.
1942 3220 2058 3247 FABR.

1124 3298 1287 3329 1Al411‘lae

1198 3369 1287 3396 msl

441 3436 625 3477 Fabretti
668 3436 790 3489 Corp.
834 3437 866 3477 I.
911 3438 960 3478 lt.
1004 3449 1045 3476 n.
1094 3436 1194 3474 4064
1243 3435 1323 3487 bis,
1369 3434 1455 3475 tab.
1487 3435 1634 3475 XXXV
1681 3433 1734 3474 ad
1774 3433 2100 3479 delineationem
