2242 3776
756 269 816 303 ΕΤ
839 269 1070 310 RELIQVAE
1095 272 1308 308 PICENAE.
1905 272 1932 318 7

380 400 502 439 relata
532 403 623 438 sunt
651 411 674 437 a
694 399 872 438 Castellio
893 401 1115 447 professore
1137 403 1478 450 Ripatransonensi
1509 410 1548 444 et
1578 407 1788 446 Gabriellio
1808 408 1935 447 Ascu-

159 465 163 468 ’
192 472 195 474 ’
294 470 366 509 ffle
394 470 624 508 Bassottium
655 469 1050 516 Ripatransonensem
1079 471 1354 519 architectum,
1398 478 1488 511 ante
1517 474 1590 513 hos
1630 477 1777 524 aliquot
1814 489 1934 517 annos

195 581 246 598 .‚-.·
313 530 351 586 ¹,
387 538 583 577 dicentem
612 538 761 576 audivit
789 548 833 575 se
863 539 973 586 operi
1003 538 1059 576 illi
1097 539 1146 576 ad
1180 545 1333 587 portam
1363 542 1573 581 Romanam
1602 545 1780 583 faciendo
1811 548 1935 584 inter-

248 611 322 648 ,Ἴδα
356 607 555 657 glandium
585 605 641 644 ibi
670 608 824 654 copiam
863 608 1059 645 invenisse
1095 608 1225 647 modio
1264 611 1514 650 metiendam.
1587 613 1796 653 Gabriellio
1836 619 1935 653 teste

228 663 251 676 ”
271 681 277 688 ’
320 694 350 709 υ.
393 676 522 716 Loreti
558 677 806 714 inventarum
847 679 936 713 ante
973 676 1045 714 hos
1083 677 1166 714 fere
1205 678 1271 715 LX
1310 689 1432 717 annos
1470 681 1668 728 glandium
1708 685 1934 722 memoriam

368 745 600 784 Antonius
620 744 762 792 Orsini,
797 744 982 783 historiae
1012 746 1199 783 naturalis
1228 748 1428 793 professor
1458 753 1496 786 et
1525 754 1681 788 senator
1700 751 1929 799 Asculanus,

255 772 450 861 nemci,
484 815 656 854 narravit
683 813 846 861 glandes
875 816 1003 852 musei
1031 813 1218 852 Asculani
1248 818 1423 865 quinque
1452 828 1616 857 numero
1649 823 1698 857 9ο
1732 822 1935 868 insignitas

203 883 316 931 “U
332 889 387 924 2⁰.
423 887 462 932 9,
483 894 516 922 1.
553 887 622 930 29,
643 894 675 921 ι.
713 876 780 929 33',
803 893 836 921 1.
872 879 937 934 34)
973 887 1057 921 tum
1093 884 1144 921 ad
1179 889 1331 932 portam
1369 886 1581 924 Romanam
1610 888 1651 924 in
1690 888 1936 928 demoliendo

331 978 335 985 .
401 969 443 986 ›::
478 963 585 999 esse;
627 952 802 996 eaedem,
837 954 881 990 ut
909 952 985 990 hoc
1014 952 1169 1000 addam,
1206 953 1273 991 diu
1302 958 1390 992 ante
1421 966 1540 1003 quam
1570 967 1748 994 museum
1780 957 1936 1004 publico

373 1024 476 1060 :tur
509 1016 624 1073 (anno
659 1016 783 1072 4866)
827 1024 866 1058 et
901 1031 1020 1068 quam
1050 1022 1215 1059 officina
1233 1023 1532 1061 Vincenziniana
1563 1026 1835 1072 inscriptiones
1866 1038 1937 1065 ex-

150 1136 159 1146 ,
195 1134 214 1148 „
227 1079 234 1145 ’μ
267 1119 269 1122 -
301 1090 525 1138 coepisset,
569 1091 648 1127 iam
676 1091 717 1127 in
747 1090 855 1128 curia
884 1090 1112 1137 municipali
1150 1090 1200 1128 ab
1231 1089 1384 1130 Orsinio
1413 1102 1492 1130 una
1522 1103 1612 1130 cum
1650 1095 1772 1142 ipsius
1802 1107 1937 1135 museo

167 1151 178 1159 ⁹
258 1155 264 1158 ’
305 1187 309 1190 -
342 1158 529 1198 naturalis
558 1159 627 1196 sed
659 1159 804 1197 scrinio
834 1162 1013 1206 separato
1045 1158 1359 1207 asservabantur,
1403 1161 1452 1198 ad
1482 1172 1626 1208 easque
1657 1164 1752 1200 nulli
1782 1169 1938 1212 praeter

245 1228 456 1278 putebat
493 1227 643 1275 aditus3
687 1238 735 1265 ac
765 1231 872 1265 certe
901 1229 965 1266 vel
1003 1227 1054 1266 ob
1084 1229 1160 1266 hoc
1189 1231 1314 1267 maior
1343 1231 1400 1267 eis
1435 1230 1534 1267 fides
1563 1231 1744 1269 habenda
1774 1238 1846 1271 est.
1879 1254 1937 1260 —

392 1298 457 1336 'or
484 1297 535 1335 de
563 1297 633 1345 iis,
678 1307 781 1344 quae
810 1295 865 1334 ibi
894 1299 1051 1335 inventa
1088 1299 1188 1342 sint,
1234 1298 1368 1336 notitia
1399 1300 1555 1337 omnino
1586 1300 1850 1347 desideratur,
1896 1303 1937 1339 in

146 1409 199 1436 &ff
251 1367 415 1406 dutum
443 1367 700 1404 instrumenta
724 1366 789 1403 illa
809 1366 1006 1413 glandium
1036 1366 1324 1404 fundendarum
1344 1368 1474 1415 qualia
1503 1368 1645 1406 fuerint
1674 1374 1712 1406 et
1733 1381 1810 1417 quo
1841 1382 1937 1418 per-

132 1359 244 1500 Q?
243 1439 291 1453 ”’μ’
309 1454 322 1484 ,ν
345 1434 490 1475 flustra
508 1435 708 1484 inquisivi.
755 1435 843 1472 Vidi
864 1434 1024 1483 quidem
1043 1435 1188 1474 Romae
1215 1439 1254 1473 et
1272 1436 1488 1474 Florentiae
1515 1436 1592 1475 duo
1615 1448 1716 1485 quae
1737 1441 1821 1476 eius
1840 1450 1936 1477 usus

135 1501 170 1562 ‘s‘
189 1510 197 1551 ζ
215 1503 485 1550 ficantur,
529 1508 568 1542 at
597 1515 644 1542 ea
675 1505 829 1542 novicia
859 1514 947 1541 esse
977 1505 1224 1541 manifestum
1254 1507 1328 1550 est,
1362 1508 1406 1542 ut
1434 1505 1610 1543 falsarios
1641 1517 1685 1543 ea
1715 1509 1935 1546 narratione

106 1583 111 1591 ‘
164 1565 170 1571 ’
210 1570 213 1574 ‘
250 1575 253 1577 ’
295 1573 391 1613 ιἐσο
418 1577 572 1622 pateat3
607 1575 683 1611 nisi
702 1574 802 1612 forte
832 1576 911 1611 tota
941 1573 1005 1610 illa
1036 1573 1085 1610 de
1115 1573 1281 1611 inventis
1300 1572 1434 1611 Asculi
1453 1573 1493 1610 id
1524 1585 1646 1621 genus
1670 1576 1936 1614 instrumentis

325 1645 436 1681 m‘e'ra
465 1646 526 1681 est
553 1641 699 1689 fabula,
735 1653 757 1679 a
787 1642 951 1680 falsariis
980 1644 1020 1679 in
1047 1642 1187 1690 vulgus
1216 1653 1363 1690 sparsa.
1418 1643 1547 1680 Unum
1577 1647 1700 1682 exstat
1729 1646 1770 1681 in
1798 1654 1936 1691 museo

222 1756 230 1758 -
312 1715 315 1718 ’
341 1728 371 1745 ιε
394 1739 405 1758 ,
447 1711 608 1758 forceps
637 1710 787 1749 ahenea
824 1711 978 1759 patellis
1009 1710 1161 1749 duabus
1192 1711 1327 1759 quales
1362 1711 1567 1758 ligularum
1597 1716 1818 1750 nostrarum
1847 1719 1938 1752 sunt

129 1833 133 1835 ‚
225 1787 280 1816 ὲ..-
313 1790 323 1828 ;
368 1780 440 1819 sed
469 1779 607 1827 robigo
637 1780 738 1817 male
768 1780 869 1817 facta
900 1783 971 1825 est,
1008 1782 1209 1828 magisque
1240 1781 1356 1818 etiam
1385 1781 1556 1827 ineptam
1585 1781 1762 1819 fraudem
1792 1784 1930 1830 arguit,

126 1838 151 1896 ,⁷
225 1849 428 1900 ,mutellae
455 1848 646 1886 foramine
676 1852 830 1893 carent,
871 1859 950 1895 quo
980 1849 1185 1896 plumbum
1214 1849 1367 1886 infundi
1396 1851 1532 1896 possit.
1595 1849 1770 1888 Alterum
1801 1862 1936 1889 exem-

109 1915 111 1918 ⁴
139 1906 152 1926 '²
162 1920 273 2001 J,
300 1918 410 1967 quod
437 1917 520 1956 vidi
548 1917 652 1965 apud
685 1917 954 1955 marchionem
984 1918 1163 1955 Carolum
1194 1917 1342 1955 Strozzi
1371 1918 1658 1964 Florentinum,
1702 1924 1760 1957 est
1789 1920 1935 1958 formae

264 1979 465 2027 aheneus
494 1986 653 2024 dimidia
682 1996 788 2033 pars,
822 1985 1001 2033 robigine
1032 1987 1191 2034 quidem
1222 1988 1490 2033 antiquitatem
1518 1986 1621 2024 bene
1651 1989 1837 2026 simulans
1864 1990 1934 2026 sed

183 2047 363 2103 ὼε
391 2057 525 2104 inepte
555 2054 810 2093 foraminibus
839 2056 1029 2093 instructa
1058 2055 1205 2101 tribuS,
1250 2066 1419 2102 quorum
1460 2055 1538 2093 duo
1569 2058 1609 2093 in
1642 2057 1808 2104 patellae
1838 2069 1936 2096 acu-

288 2151 315 2173 ,
345 2125 506 2165 tertium
533 2125 576 2162 in
603 2124 734 2162 media
762 2125 946 2172 marginis
976 2127 1087 2171 parte
1118 2128 1255 2162 exstat.

222 2190 355 2246 &m
393 2195 634 2232 territorium
670 2192 907 2231 Asculanum
947 2203 1097 2241 paucae
1137 2193 1298 2240 glandes
1336 2197 1516 2241 repertae
1555 2198 1668 2231 sunt:
1734 2190 1768 2244 l)
1812 2205 1935 2242 prope

231 2269 235 2272 ⁴
287 2256 306 2295 ’ν
336 2257 392 2315 (6.
430 2265 496 2309 ⁴9,
524 2257 554 2314 1)
597 2273 724 2311 prope
760 2262 942 2300 Vibratae
985 2262 1130 2299 -vallem
1170 2263 1403 2300 Truentinae
1444 2264 1661 2310 proximam
1699 2265 1738 2300 in
1789 2264 1933 2311 oppido

298 2331 347 2380 li,
381 2331 433 2370 ad
461 2331 536 2370 sin.
570 2331 751 2370 Vibratae
781 2332 856 2369 sito
888 2335 926 2368 et
960 2331 1052 2367 circ.
1088 2331 1192 2368 XVII
1222 2342 1276 2367 m.
1300 2341 1340 2377 p.
1367 2329 1512 2368 Asculo
1543 2331 1698 2369 distanti
1735 2326 1788 2381 (V.
1813 2343 1852 2369 n.
1891 2335 1930 2369 3.

228 2436 236 2445 ,
264 2428 303 2460 ζ.
345 2400 391 2449 8,
411 2411 443 2440 1.
468 2411 501 2440 9.
548 2397 633 2452 u),
681 2405 719 2438 et
756 2411 881 2448 prope
929 2399 1116 2447 oppidum
1156 2401 1355 2438 Tortoreto
1398 2411 1421 2437 e
1458 2402 1617 2447 regione
1663 2400 1779 2437 huius
1818 2401 1934 2438 situm

92 2462 107 2510 s
163 2512 174 2519 ...
178 2481 220 2502 ”¹
246 2479 252 2485 '
263 2471 324 2518 ὓ,
348 2465 403 2516 4).
483 2471 542 2508 De
580 2469 665 2507 aliis
703 2480 783 2508 ιιοιι
816 2469 983 2507 traditur
1017 2470 1094 2506 nisi
1133 2470 1241 2516 origo
1280 2469 1477 2506 Picentina
1514 2464 1567 2519 (4,
1594 2479 1625 2507 2.
1672 2473 1769 2515 6,1.
1815 2473 1853 2515 9,
1879 2479 1930 2507 23.

157 2526 454 2597 ‘Memfi
501 2542 569 2586 38,
597 2549 629 2577 ι.
673 2541 740 2584 40,
767 2535 795 2590 2)
845 2541 913 2576 aut
949 2537 1137 2585 Aprutina
1181 2532 1234 2588 (6,
1261 2534 1314 2588 2).
1394 2538 1538 2575 Earum
1574 2539 1745 2585 exceptis
1785 2541 1929 2576 3.14.

109 2093 166 2122 L.
150 2120 151 2123 ,

142 2187 143 2190 ¹
161 2133 256 2205 Ῡέἑῗ,’,’ξ·’

170 2590 325 2666 stiffi]
358 2608 532 2647 omnium
561 2608 636 2645 alia
666 2607 843 2655 exempla
870 2606 1003 2645 Asculi
1032 2610 1188 2655 reperta
1219 2618 1306 2644 esse
1337 2611 1501 2645 constat.
1535 2627 1594 2633 —
1622 2608 1800 2654 Denique
1829 2607 1932 2644 haud

264 2694 273 2709 ·-
306 2680 458 2715 exstant
486 2678 527 2714 in
563 2677 709 2714 muscis
738 2677 907 2714 maxime
936 2676 1127 2727 publicis,
1174 2686 1340 2724 quarum
1382 2677 1489 2723 origo
1520 2687 1599 2713 non
1636 2676 1815 2713 adnotata
1847 2679 1927 2722 est3

226 2752 300 2793 §te
317 2745 483 2784 aliorum
503 2746 771 2793 exemplorum
802 2755 878 2792 ope
898 2744 1040 2784 Asculo
1070 2745 1189 2782 tribui
1214 2749 1438 2793 potuerunt.
1472 2764 1530 2770 —
1559 2745 1642 2781 Una
1666 2748 1704 2789 6,
1725 2755 1762 2781 40
1783 2745 1935 2782 Labicis

224 2819 228 2823 ’
270 2842 272 2845 -
321 2823 409 2853 esse
445 2814 590 2861 fertur3
636 2814 743 2862 quod
782 2816 816 2851 si
851 2825 991 2852 verum
1032 2818 1111 2859 est,
1156 2814 1247 2851 illuc
1286 2824 1396 2852 mero
1427 2808 1523 2850 casu
1552 2813 1635 2850 sive
1665 2814 1822 2859 antiqua
1851 2814 1934 2850 sive

284 2899 302 2916 εἰ
324 2927 326 2930 ,
373 2887 498 2921 aetate
529 2883 698 2921 delatam
728 2893 815 2921 esse
845 2887 954 2931 puto.

230 2941 471 2992 ‘intactarum
499 2953 623 2991 forma
652 2954 746 2990 satis
774 2953 903 3000 prisca
935 2957 1013 2998 est,
1049 2952 1120 2990 sed
1150 2962 1230 2990 non
1258 2956 1336 2989 tam
1369 2951 1525 2998 elegans
1557 2961 1675 2997 quam
1704 2952 1744 2987 in
1775 2950 1934 2988 Graecis

101 3022 407 3062 ¹¹
471 3023 591 3060 immo
625 3022 762 3060 rudior
799 3026 839 3060 et
875 3021 1033 3059 modulo
1064 3024 1230 3066 maiore;
1278 3031 1296 3058 ι
1327 3022 1367 3057 in
1397 3024 1469 3058 3a.
1509 3019 1577 3057 3b.
1616 3022 1681 3056 ⁴7.
1718 3021 1785 3064 24,
1811 3030 1828 3056 4
1866 3030 1933 3056 re-

122 3073 257 3148 &Lm
284 3120 297 3140 ‚
331 3099 354 3128 r
382 3090 533 3140 ubique
563 3094 737 3139 apertam
766 3091 886 3129 habet
916 3091 1115 3137 lunulam,
1152 3101 1187 3127 ινι
1217 3101 1264 3128 ex
1294 3100 1403 3128 more
1434 3090 1593 3136 antiquo
1624 3087 1774 3125 duabus
1803 3097 1832 3124 Λ
1863 3099 1933 3126 co—

167 3147 295 3211 “fssw
322 3159 459 3197 similis
489 3163 562 3198 est.
625 3161 683 3197 De
714 3161 857 3198 ceteris
895 3161 991 3197 nihil
1028 3160 1240 3198 notandum
1278 3159 1350 3196 nisi
1390 3158 1496 3205 quod
1526 3161 1682 3206 praeter
1710 3167 1737 3192 Α
1767 3156 1934 3194 habetur

167 3235 174 3279 ζ,
227 3220 244 3267 ὀ
273 3231 339 3275 lo,
363 3238 382 3266 4
418 3239 466 3275 Α,
511 3230 552 3266 in
588 3240 628 3267 n.
659 3232 784 3275 l6512-
807 3241 854 3267 ac
886 3230 1049 3268 fortasse
1089 3239 1106 3267 3
1153 3240 1181 3265 Α
1212 3232 1336 3265 exstat
1373 3227 1459 3264 talis
1494 3236 1523 3262 π
1565 3230 1603 3263 et
1642 3229 1798 3272 praeter
1834 3234 1856 3261 ε
1892 3226 1932 3261 in

133 3280 348 3339 ’Ῑ’.’δαοο
377 3307 404 3334 ιι
434 3298 573 3336 forma.

224 3365 518 3410 1÷Difficillimum
544 3370 662 3415 atque
692 3367 1012 3405 molestissimum
1040 3376 1202 3411 munuS,
1240 3376 1318 3413 quo
1348 3364 1528 3412 perfungi
1557 3362 1690 3408 debui,
1726 3366 1807 3399 erat
1836 3361 1926 3406 hoc,

186 3451 188 3454 ·
254 3445 381 3474 erem
411 3446 435 3472 a
464 3436 707 3474 falsariorum
736 3435 940 3475 fraudibus
955 3465 964 3482 ,
1002 3435 1147 3483 quibus
1177 3435 1274 3472 haec
1304 3435 1362 3470 rei
1392 3431 1664 3481 epigraphicae
1693 3441 1784 3478 pars
1815 3440 1933 3477 supra

136 3483 187 3508 α’(

150 3514 171 3522 ,
