2242 3776
365 313 392 359 2
399 314 427 359 2
1002 320 1213 354 GLANDES
1238 321 1294 354 AS
1300 321 1509 354 CVLANAE

1067 458 1187 485 ‘FRI

362 482 392 525 9
424 491 474 525 26
507 487 562 522 De
582 484 728 520 Minicis
758 487 786 519 t.
812 483 844 519 11
865 492 903 517 n.
932 485 1003 519 7⁴:
1239 479 1340 531 (inde
1371 485 1516 521 Ritscm
1547 485 1600 520 1x
1645 480 1713 534 [7])
1757 495 1857 532 quae
1895 483 1998 521 haud
2029 482 2147 521 dubie
2221 527 2226 533 φ

1068 525 1188 553 TOMR

447 583 493 624 ex
524 586 660 633 glande
697 585 793 621 male
822 584 953 621 habita
992 584 1091 621 male
1120 586 1348 631 transcripta
1387 590 1495 630 sunt;
1540 590 1742 632 praeterea
1771 586 2019 633 neglegenter
2049 585 2146 624 duos

447 665 585 691 versus
615 655 681 690 uni
712 654 821 690 lateri
852 652 996 689 tribuit.
1061 653 1115 689 Cf.
1151 653 1199 689 ad
1229 664 1268 689 n.
1299 657 1346 690 15
1370 657 1407 690 et
1429 656 1496 692 23.

364 727 413 763 27
449 723 679 760 Gualtherus
696 721 800 758 Sicil.
822 720 900 758 tab.
922 731 1062 758 comm.
1082 732 1122 767 p.
1142 724 1191 759 26
1210 735 1264 751 --
1282 721 1469 759 Thesaur.
1486 721 1589 758 Sicil.
1610 721 1657 757 VI
1682 724 1753 759 381
1770 731 1777 755 :
1802 731 1887 757 FER!
1904 716 1992 771 (om.
2013 716 2142 771 rOMr).

363 796 412 830 28
446 792 582 838 Caylus
621 790 759 827 recueil
780 790 813 825 II
853 801 893 836 p.
924 791 995 826 331
1025 798 1104 837 sq.,
1151 787 1229 825 tab.
1254 788 1372 826 XCIII
1395 792 1415 826 3
1448 789 1583 826 litteris
1625 788 1845 834 vulgaribus
1889 783 1990 838 (inde
2019 788 2147 827 Rubbi

448 861 589 896 dizion.
623 869 655 894 s.
680 869 718 895 V.
752 858 864 905 ylans
894 861 931 894 et
960 857 1085 893 Alessi
1116 857 1250 893 lettera
1285 860 1389 894 1815
1422 868 1462 904 p.
1491 854 1576 908 25);
1628 866 1711 892 FERI
1749 852 1839 906 (om.
1873 852 2018 907 romr).

364 931 413 966 29
446 928 501 964 De
530 928 679 964 Minicis
708 930 735 963 t.
763 926 794 961 ΙΙ
825 936 864 961 n.
897 927 964 969 14,
1011 936 1051 971 p.
1079 928 1156 963 202
1201 930 1238 962 et
1280 928 1358 963 210
1407 920 1510 974 (inde
1549 925 1693 961 Ritschl
1730 924 1808 961 tab.
1842 925 1923 962 VIII
1955 920 2023 976 5):
2064 934 2147 962 FERI

454 990 543 1044 (om.
578 990 721 1044 rOMr)‚
758 994 920 1030 fortasse
952 1004 998 1029 ex
1028 993 1166 1038 glande
1195 1004 1235 1030 n.
1266 996 1330 1030 14.

364 1067 412 1100 30
446 1062 574 1100 Rubbi
604 1063 815 1099 dizionario
847 1062 927 1098 VIII
966 1056 1101 1111 (1796)
1139 1073 1179 1108 p.
1209 1064 1285 1101 170
1318 1072 1349 1097 s.
1388 1072 1424 1098 v.
1457 1062 1567 1108 9lans
1596 1062 1723 1098 Lanzii
1758 1063 1976 1100 testimonio
2015 1063 2147 1099 nescio

447 1131 548 1168 unde
585 1134 739 1176 sumpto
768 1140 864 1166 usus
908 1124 1009 1178 (inde
1038 1129 1163 1165 Alessi
1196 1130 1329 1166 lettera
1364 1132 1469 1167 1815
1501 1141 1542 1172 p.
1569 1132 1619 1167 24
1658 1133 1695 1166 et
1732 1131 1787 1167 De
1817 1130 1964 1167 MiniciS
1993 1140 2034 1177 p.
2062 1133 2141 1169 202

447 1203 484 1235 et
517 1202 611 1243 209,
655 1198 735 1235 tab.
762 1198 794 1233 II
823 1201 869 1235 12
894 1197 965 1234 litt.
990 1193 1247 1247 vulgaribus):
1283 1205 1440 1242 POMPE1,
1477 1198 1621 1235 scilicet
1642 1199 1741 1235 male
1761 1198 1861 1235 lecto
1882 1207 1952 1243 pro
1973 1188 2080 1235 POMr
2110 1202 2148 1235 et

446 1268 588 1304 omisso
621 1275 727 1302 FERI.

363 1339 430 1372 31.
467 1338 515 1372 32
565 1334 721 1371 Carolus
760 1333 925 1379 Purgold
965 1333 1183 1370 delineavit.
1258 1334 1300 1369 In
1339 1343 1380 1368 n.
1407 1336 1455 1371 32
1498 1342 1518 1368 Ε
1556 1333 1707 1370 fusione
1746 1333 1845 1369 mala
1884 1336 1950 1370 aut
1978 1333 2147 1372 laesione

446 1404 593 1439 lItterae
625 1413 650 1437 R
680 1402 814 1438 similis
844 1402 942 1438 sacta
975 1405 1032 1437 est
1063 1397 1141 1451 (1²);
1179 1401 1226 1437 de
1256 1401 1370 1437 huius
1401 1401 1629 1447 exemplaris
1659 1405 1767 1447 parte
1797 1411 1933 1438 aversa
1962 1401 2056 1438 nihil
2075 1401 2149 1438 ad-

446 1474 616 1508 notatum
648 1474 721 1506 est.

445 1564 520 1610 feri
548 1556 800 1612 Pompseium)
829 1563 855 1597 i.
882 1572 917 1597 e.
952 1561 1175 1606 Pompeium
1207 1559 1454 1603 Strabonem
1490 1570 1578 1596 nam
1608 1560 1657 1596 ad
1687 1560 1813 1606 hunc,
1849 1559 1979 1598 Asculi
2009 1560 2149 1599 obses·
2202 1551 2242 1610 fg

358 1641 498 1676 sorem,
533 1630 712 1676 glandem
742 1629 985 1666 referendam
1016 1639 1102 1665 esse
1133 1629 1223 1665 satis
1253 1628 1454 1674 probabile
1486 1633 1556 1665 est.

474 1700 576 1735 Haec
606 1710 699 1735 vera
730 1702 788 1734 est
819 1698 1035 1744 inscriptio,
1073 1698 1248 1744 genuinis
1278 1698 1512 1743 integrisque
1543 1697 1843 1744 exemplaribus,
1879 1708 2147 1746 quaecumque
2220 1700 2224 1732 ζ

360 1768 584 1812 examinavi,
607 1767 687 1803 sola
706 1769 860 1811 testata3
895 1766 1099 1801 varietates
1121 1768 1309 1811 quotquot
1329 1764 1652 1801 circumferuntur
1675 1761 1735 1814 (de
1755 1776 1919 1811 quarum
1939 1766 2016 1804 fide
2044 1772 2148 1804 recte

358 1838 434 1872 iam
472 1834 715 1872 dubitaverat
753 1835 965 1871 Mommsen
991 1834 1069 1871 vol.
1095 1835 1111 1869 I
1140 1844 1180 1869 n.
1209 1829 1302 1882 650)
1350 1843 1483 1869 omnes
1518 1837 1583 1869 aut
1621 1845 1643 1869 a
1672 1834 1772 1870 mala
1794 1834 1976 1883 'lectione
2020 1836 2090 1872 aut'
2125 1847 2144 1872 a

358 1905 602 1940 falsariorum
641 1902 776 1939 fraude
820 1902 1056 1948 repetendae
1087 1904 1190 1938 sunt.
1252 1900 1307 1938 Ac
1348 1902 1516 1947 primum
1546 1901 1726 1948 quidem,
1779 1906 1822 1939 ut
1858 1903 1955 1940 haec
1993 1907 2148 1957 praeter

358 1976 486 2009 cetera
530 1981 853 2014 commemorem,
904 1980 989 2006 FERI
1029 1970 1068 2005 in
1107 1971 1262 2015 integris
1302 1971 1557 2016 genuinisque
1597 1969 1801 2016 glandibus
1838 1980 1916 2008 non
1955 1973 2148 2019 reperitur
2199 1995 2203 2006 ι.

358 2042 431 2076 nisi
472 2040 652 2076 adiuncto
684 2040 917 2082 accusativo,
963 2039 1117 2074 tametsi
1146 2039 1316 2083 potuisse
1347 2038 1469 2074 solum
1499 2038 1591 2084 poni
1617 2041 1654 2074 et
1682 2049 1754 2084 per
1782 2048 1824 2074 se
1854 2042 1959 2084 patet
1988 2043 2027 2075 et
2055 2039 2147 2076 Plu-

357 2108 480 2145 tarchi
527 2104 719 2157 (Marcello
744 2104 780 2157 8)
816 2105 1358 2166 testimonio—comprobatum
1390 2110 1469 2142 est:
1519 2099 1559 2143 ἐν
1590 2101 1675 2148 ταῖς
1708 2098 1884 2158 μάχαις,
1924 2098 2018 2144 ὅταν
2049 2100 2147 2158 διώ-

357 2189 458 2214 κωσι
495 2167 587 2219 τοός
617 2172 846 2226 πολεμίους,
879 2168 1023 2212 πυκνὸν
1054 2168 1097 2212 τὸ
1129 2171 1235 2227 φέρι,
1270 2170 1448 2211 τουτέστι
1476 2170 1584 2223 παῖε,
1629 2173 1905 2226 παρεγγυῶσιν
1938 2167 2140 2227 ἀλλήλοις.
2202 2198 2205 2200 -

356 2265 414 2271 —-
443 2245 589 2282 Deinde
620 2253 738 2281 ROMA
777 2255 866 2281 cum
906 2254 988 2280 FERI
1026 2245 1274 2280 coniunctum
1313 2244 1430 2279 falsae
1460 2244 1635 2288 lectioni,
1683 2252 1803 2280 ROMA
1843 2243 1947 2280 nude
1977 2245 2146 2291 positum

357 2315 410 2350 illi
457 2314 610 2351 falsario
652 2306 836 2358 debetur,
888 2313 954 2359 qui
997 2313 1104 2349 finxit
1149 2312 1328 2358 glandem
1369 2311 1658 2348 Kircherianam
1698 2322 1737 2348 n.
1773 2315 1845 2350 201
1902 2307 1952 2361 (v.
1988 2322 2026 2349 n.
2065 2309 2140 2362 με).

359 2383 454 2419 Sunt
484 2387 613 2418 autem
644 2393 712 2418 eae
743 2383 948 2418 varietates
978 2381 1065 2425 hae,
1101 2391 1197 2427 quas
1226 2380 1396 2417 subieci:

455 2463 470 2497 Ι
500 2463 600 2498 male
631 2462 754 2497 lectae
785 2465 850 2497 aut
887 2456 939 2510 (4.
967 2459 1004 2506 5)
1041 2462 1154 2497 tacite
1184 2461 1406 2506 suppletae:

508 2527 540 2579 1)
579 2540 663 2565 FERi
695 2549 746 2554 —
779 2537 896 2565 ROMA
960 2529 1161 2574 Catalogus
1192 2529 1414 2573 Borgianus,
1451 2528 1607 2572 Delfico,
1645 2528 1708 2564 alii
1744 2523 1826 2577 (22.
1863 2525 1928 2579 23)

503 2597 538 2643 2)
576 2607 661 2633 FERi
692 2616 749 2622 ——
780 2599 899 2635 CBMA
959 2598 1105 2633 Minicis
1145 2591 1224 2645 (13)

505 2664 541 2712 3)
577 2676 604 2701 ‘F
633 2676 657 2701 R
685 2677 695 2702 1

576 2743 692 2770 TOMR
966 2733 1113 2769 Minicis
1150 2727 1230 2782 (26)

504 2798 540 2851 4)
578 2813 662 2838 FER!
694 2811 855 2838 POMPAE
957 2801 1083 2838 Faber
1121 2797 1199 2851 (25)

502 2867 538 2921 5)
578 2881 660 2906 Fl-:Rl
691 2880 900 2907 POMPEWM
962 2870 1194 2907 Gualtherus
1230 2865 1309 2919 (24)

437 2951 469 2986 ΙΙ
501 2954 685 2997 exceptae
716 2952 798 2986 sive
829 2953 934 2986 recte
965 2952 1046 2986 sive
1084 2945 1134 2999 (2)
1173 2950 1272 2986 male
1313 2960 1359 2985 ex
1395 2949 1538 2985 mutilis
1570 2948 1723 2985 defectu
1754 2959 1831 2986 non
1861 2951 2012 2985 notato:

507 3013 538 3065 1)
578 3027 661 3054 FERi
959 3021 1139 3063 27-29,
1177 3018 1226 3054 cf.
1262 3017 1311 3053 ad
1346 3019 1392 3053 14

503 3082 539 3135 2)
575 3094 718 3122 ΡοΜΡΕι
962 3089 1011 3122 30

419 3166 468 3201 III
501 3168 655 3213 spuriae
686 3167 944 3211 antiquiores:

505 3230 538 3283 1)
576 3244 658 3270 FERI
690 3243 780 3270 MAG
954 3234 1101 3270 Minicis
1131 3244 1169 3269 n.
1200 3235 1220 3269 4
1261 3227 1311 3281 (v.
1345 3232 1478 3268 falsam
1509 3242 1548 3267 n.
1577 3226 1634 3280 9*)

501 3298 536 3352 2)
574 3312 696 3339 ROMA
954 3303 1099 3338 Miniois
1130 3312 1169 3338 n.
1200 3304 1212 3337 1
1260 3296 1309 3350 (v.
1343 3310 1381 3336 n.
1413 3295 1468 3348 ΓΚ)

423 3383 470 3419 IV
501 3393 617 3419 cusae
648 3394 670 3418 a
699 3383 852 3419 falsario
874 3381 1079 3426 Asculano,
1115 3390 1277 3427 quarum
1308 3380 1578 3424 inscriptiones
1609 3389 1656 3414 ex
1686 3388 1803 3424 supra
1832 3378 1984 3424 scriptis
2007 3378 2141 3414 1-111

499 3451 684 3496 repetitae
714 3455 815 3487 sunt.
880 3451 952 3486 Eas
982 3450 1070 3486 vide
1102 3460 1171 3486 suo
1203 3450 1301 3486 loco.

2228 3448 2242 3468 ‘3

2225 3469 2242 3507 ,ἓ

2223 3514 2242 3575 <i

2199 3689 2204 3701 Ι
2213 3575 2242 3776 i
