2210 3788
1010 1131 1077 1177 ΙΙ.

571 1243 796 1305 GLAN
808 1245 922 1304 DE
937 1245 977 1305 S
1031 1246 1131 1307 AS
1147 1246 1524 1307 CVLANAE

689 1364 766 1411 ET
802 1363 1100 1421 RELIQVAE
1137 1364 1403 1414 PICENAE.

220 1569 222 1571 ,
406 1525 621 1566 Asculanas
650 1527 801 1573 primus
831 1527 953 1565 edidit
982 1539 1083 1566 anno
1119 1531 1226 1566 1603
1260 1529 1374 1566 Ianus
1405 1529 1613 1573 Gruterus,
1658 1528 1865 1576 Lipsianis,
1907 1532 1950 1566 ut

218 1589 231 1593 ”
307 1593 565 1647 ''¹7thss
583 1605 700 1641 usus3
736 1597 876 1635 melius
896 1597 1048 1644 Lipsius
1074 1598 1160 1646 ipse
1180 1596 1396 1645 publicavit
1414 1607 1515 1634 anno
1543 1600 1649 1635 1605
1671 1597 1950 1636 Poliorceticon

222 1706 230 1717 „
414 1674 456 1703 e
483 1664 586 1703 libro
617 1665 666 1703 lv
694 1676 731 1704 3.
759 1669 797 1713 3,
833 1665 904 1704 ubi
932 1656 1117 1714 ‘aliquot‚
1158 1667 1305 1714 inquit,
1340 1677 1469 1714 nuper
1498 1671 1677 1713 repertae
1706 1670 1797 1704 sunt
1825 1677 1949 1714 prope

216 1778 233 1787 J
311 1727 396 1773 ”uh
423 1731 585 1772 flumine
603 1725 778 1772 Triunto²
811 1730 929 1784 [corr.
956 1733 1160 1784 Truento].
1224 1735 1356 1773 Paullo
1385 1739 1474 1783 post
1497 1736 1686 1782 Georgius
1717 1735 1950 1774 Gualtherus

372 1821 381 1835 2
423 1805 608 1852 antiquae
645 1794 806 1842 Tabula³
833 1805 975 1842 iterum
1019 1805 1121 1842 edita
1157 1805 1357 1842 Messanae
1399 1806 1506 1842 1624
1548 1805 1612 1841 vel
1652 1808 1759 1844 1625
1802 1816 1946 1844 comm.

449 1874 590 1922 prima,
626 1874 738 1911 cuius
768 1878 857 1912 nota
889 1874 1124 1922 exemplaria
1153 1874 1263 1912 titulo
1285 1877 1431 1919 carent,
1466 1873 1515 1910 ad
1545 1874 1644 1911 haec
1665 1865 1748 1912 non¹
1774 1876 1948 1923 inspecta

383 1940 615 1981 Sebastiano
634 1941 951 1981 Andreantonelli
971 1942 1166 1981 Asculano
1195 1944 1234 1979 in
1254 1954 1369 1980 amne
1399 1938 1675 1980 castellani
1707 1947 1837 1981 erutas
1864 1955 1950 1982 esse

223 1999 252 2072 ζ]
267 1999 431 2061 ipse
457 2011 666 2050 nonnullas
686 2012 784 2050 vidit
802 2013 947 2051 Romae
977 2012 1081 2060 apud
1103 2013 1382 2051 Lancellottum
1404 2012 1453 2049 de
1473 2012 1716 2050 Lancellottis
1744 2014 1949 2059 patricium

381 2109 392 2119 .
443 2080 553 2119 Idem
573 2080 936 2119 Andreantonellius
962 2077 1276 2133 (1594-1643)
1304 2082 1494 2118 Historiae
1514 2080 1731 2119 Asculanae
1753 2082 1815 2118 ed.
1841 2084 1947 2120 1673

368 2149 506 2196 ›wium
531 2151 671 2199 inquit,
698 2161 801 2199 quae
823 2162 845 2188 e
866 2150 997 2188 fundis
1016 2150 1233 2198 vibrantur,
1261 2151 1435 2197 quotidie
1456 2150 1627 2201 infinitus
1647 2161 1748 2198 pene
1764 2161 1951 2189 numerus

242 2208 522 2274 mrum·
564 2219 858 2266 inscriptionem
878 2224 1009 2258 tamen
1039 2221 1269 2258 memoravit
1298 2220 1459 2257 nullam.
1523 2220 1723 2265 Minicius,
1765 2221 1833 2267 qui
1863 2221 1950 2268 plus

247 2334 256 2343 ἐ
360 2300 375 2320 ἐ
399 2314 406 2320 -
437 2289 489 2327 ’111
517 2287 642 2326 edidit
670 2288 831 2335 glandes
851 2287 1066 2326 Asculanas
1095 2290 1283 2335 genuinas
1310 2283 1420 2339 (sulze
1443 2289 1592 2326 antiche
1610 2289 1776 2336 yhiande
1794 2290 1945 2335 missili,

277 2349 462 2410 81⁶),
507 2366 575 2395 eas
615 2367 782 2405 quarum
821 2358 1011 2406 originem
1040 2358 1227 2396 indicavit
1266 2358 1379 2405 lungo
1426 2352 1504 2408 (aut
1530 2352 1674 2408 presso)
1713 2359 1748 2395 le
1776 2360 1858 2407 ripe
1887 2359 1950 2395 del

394 2452 403 2459 -
440 2442 483 2459 2:
520 2436 608 2464 esse
638 2426 734 2464 dixit
769 2422 820 2478 (p.
850 2430 947 2466 203.
982 2430 1080 2466 208.
1116 2430 1212 2466 213.
1251 2421 1366 2477 216);
1407 2426 1475 2463 sed
1515 2436 1560 2462 ea
1590 2426 1733 2472 verba,
1769 2427 1852 2464 fere
1883 2438 1950 2464 re-

244 2488 487 2546 Qtaepsm
521 2490 586 2554 (cf.
613 2494 662 2533 ad
683 2491 875 2547 11.16,1)
914 2497 978 2532 vix
999 2496 1111 2533 aliter
1131 2495 1359 2542 accipienda
1381 2499 1496 2533 erunt
1516 2497 1591 2532 nisi
1610 2506 1734 2543 prope
1762 2494 1947 2533 Asculum

317 2570 474 2611 we,
488 2574 603 2610 nam,
645 2567 690 2601 ut
718 2565 816 2602 infra
847 2563 1088 2611 videbimus,
1125 2566 1164 2601 in
1190 2565 1358 2602 Truento
1389 2565 1452 2601 vel
1488 2566 1573 2602 eius
1603 2567 1688 2611 ripa
1727 2565 1948 2602 rarissimae

276 2628 487 2684 chades
514 2634 785 2681 reperiuntur,
831 2633 880 2670 de
910 2635 1098 2682 inscripta
1129 2637 1260 2671 autem
1291 2637 1442 2671 constat
1472 2633 1587 2680 plane
1617 2633 1737 2671 nulla.

360 2702 507 2740 1874
530 2705 570 2739 et
594 2703 700 2740 1875
725 2712 814 2740 cum
845 2703 982 2750 ingens
1013 2703 1211 2750 glandium
1243 2704 1516 2750 inscriptarum
1538 2701 1681 2740 Asculo
1707 2704 1950 2750 provenisset

192 2814 204 2820 A
239 2823 244 2827 .
309 2765 466 2823 (nam
492 2770 649 2809 Minicio
678 2771 745 2808 vix
776 2771 943 2818 amplius
962 2772 1077 2809 XXX
1103 2773 1373 2817 innotuerant,
1410 2782 1575 2819 quarum
1605 2775 1749 2816 tamen,
1784 2775 1827 2808 ut
1858 2782 1892 2808 5.
1918 2772 1944 2808 l.

126 2843 128 2846 ’
275 2843 333 2890 ζ’,
332 2840 440 2879 fere
474 2839 638 2878 dimidia
678 2850 770 2887 pars
808 2841 904 2878 falsa
946 2836 1038 2892 est),
1083 2843 1168 2888 ipse
1205 2842 1444 2879 Mommseno
1484 2844 1642 2878 auctore
1683 2839 1732 2877 ab
1773 2841 1950 2879 Instituto

230 2896 254 2909 ν’
351 2910 435 2949 eo
455 2920 492 2947 a.
523 2910 631 2948 1877
651 2908 839 2947 Asculum
868 2911 1011 2948 missus
1040 2921 1119 2948 una
1141 2921 1231 2948 cum
1252 2911 1348 2948 Iulio
1371 2909 1558 2948 Gabrielli
1577 2907 1786 2954 Asculano,
1813 2920 1947 2948 museo

324 2979 408 3022 ,31
433 2977 576 3016 harum
605 2988 738 3016 rerum
767 2980 808 3016 in
837 2980 974 3027 primis
995 2991 1128 3028 gnaro,
1155 2980 1250 3027 quid
1273 2981 1330 3016 rei
1362 2983 1466 3016 esset
1494 2979 1692 3026 inquisivi.
1737 2980 1950 3016 Inveniun-

304 3047 519 3096 glandes
538 3049 704 3085 maxime
725 3049 766 3086 in
787 3049 1005 3095 Castellani,
1031 3051 1099 3096 qui
1120 3048 1306 3086 Asculum
1329 3049 1530 3086 meridiem
1551 3059 1689 3086 versus
1716 3049 1811 3094 ripis
1831 3059 1948 3095 prae-

261 3107 334 3157 d
358 3127 487 3166 usque
517 3117 567 3156 ad
597 3117 664 3154 XL
694 3122 815 3155 metra
852 3119 938 3155 altis
977 3118 1221 3165 praeterfluit
1262 3122 1301 3156 et
1339 3119 1379 3155 in
1418 3117 1551 3165 oppidi
1591 3117 1731 3164 angulo
1772 3117 1950 3154 orientali

345 3188 552 3234 miscetur,
588 3186 699 3225 alveo
730 3188 822 3233 imo,
859 3189 926 3235 qui
958 3198 1006 3224 ex
1035 3188 1114 3225 tofo
1145 3189 1235 3225 vivo
1276 3191 1439 3225 constat.
1506 3185 1674 3224 Glandes
1705 3195 1752 3222 ex
1783 3185 1948 3222 declivi-

369 3246 511 3294 vicinis
539 3254 724 3293 imbrium
743 3258 784 3293 vi
805 3256 1032 3304 deportatae
1062 3258 1102 3293 in
1123 3255 1270 3294 flumen
1300 3258 1340 3293 in
1371 3257 1534 3302 eiusque
1555 3254 1718 3291 fundum
1749 3254 1947 3301 paullatim

316 3332 342 3364 'e
370 3327 411 3364 in
448 3327 516 3365 tofi
546 3326 712 3364 sinubus
751 3326 944 3373 plicisque
985 3326 1176 3363 siderunt.
1242 3325 1298 3363 Ibi
1331 3335 1402 3363 nos
1432 3336 1470 3360 a.
1507 3326 1614 3362 1877
1645 3324 1764 3360 trium
1795 3323 1948 3360 dierum

241 3388 327 3488 22!-
353 3398 401 3435 ⁴2
435 3391 559 3446 Sept.)
597 3396 892 3443 investigatione
932 3396 1104 3433 eruimus
1144 3394 1306 3443 glandes
1337 3392 1610 3438 CCXXXVIII,
1644 3403 1810 3440 quarum
1841 3392 1946 3430 solae

343 3467 418 3503 10
459 3469 498 3503 et
544 3459 607 3515 18)
655 3466 952 3512 inscriptiones,
1004 3467 1187 3512 quattuor
1226 3465 1308 3501 sere
1347 3465 1495 3500 incerta
1534 3461 1748 3499 litterarum
1787 3462 1947 3508 vestigia

211 2603 287 2642 Ὗῆξῗ.
