2242 3776
339 318 402 365 94
1004 323 1061 354 GL
1067 322 1212 354 ANDES
1239 318 1449 355 SPVRIAE.

338 453 537 492 catalogum
570 457 797 481 nummorum
829 447 1088 486 consularium,
1135 455 1180 479 ex
1211 456 1282 489 quo
1315 449 1365 479 tot
1397 445 1629 478 denariorum
1661 444 1912 486 inscriptiones
1943 443 2047 478 illum
2077 447 2118 479 in

338 508 485 549 glandes
514 507 733 548 (Monatsber.
763 507 849 537 4876
875 513 911 546 p.
936 507 976 536 70
1002 503 1095 545 sqq.)
1124 503 1347 536 transtulisse
1372 501 1602 534 manifestum
1627 502 1692 533 est.
1736 501 1776 533 In
1802 500 1951 542 reliquis
1975 502 2115 536 insunt:
2172 538 2177 543 s

339 564 434 604 Rich,
461 563 546 595 dict.
573 562 729 603 antiqq.;
765 561 919 601 Colucci,
946 559 1111 592 antichitd
1128 560 1265 599 Picone;
1296 559 1550 599 Enciclopedia3
1577 556 1794 598 Desjardins‚
1823 557 2117 592 Desideratorum

338 620 420 653 fasc.
448 622 478 653 2.
533 618 699 651 Eundem
736 618 871 650 Minicii
896 616 1056 655 tabulas,
1092 617 1250 657 itemque
1283 615 1430 656 glandes
1463 613 1655 646 nonnullas
1680 614 1796 646 musei
1822 614 1988 648 Asculani
2014 616 2116 649 tran-

337 677 522 718 scripsisse
554 675 713 717 comperi
737 674 944 707 testimonio
979 674 1088 706 certo.
1120 689 1161 696 —
1195 672 1355 714 Denique
1388 670 1510 703 Asculi
1538 673 1578 702 46
1603 670 1698 712 Sept.
1724 672 1810 702 4877
1837 678 1882 703 ex
1913 679 1976 704 ore
2000 672 2116 714 ipsius

336 732 554 765 Vincenzinii
585 730 847 764 confessionem
877 730 1020 768 audivi,
1059 738 1097 762 se
1135 728 1280 770 glandes
1313 728 1553 767 adulterasse,
1593 729 1627 760 et
1660 726 1780 760 audivi
1815 727 1962 769 quidem
1994 736 2115 762 coram

338 789 487 822 testibus
512 787 654 821 duobus
678 788 765 820 viris
790 787 1042 820 illustrissimis
1067 786 1264 819 Asculanis.

427 845 635 878 Fabricandi
660 844 807 883 modus,
843 853 914 885 quo
947 842 1110 876 falsarius
1144 851 1234 875 usus
1262 843 1340 882 est,
1375 840 1629 873 huiuscemodi
1660 843 1724 873 est.
1787 841 1939 882 Lignum
1963 841 2118 876 durissi-

338 911 433 935 mum
462 902 528 943 (ex.
549 911 599 943 gr.
627 901 713 934 buxi
730 901 786 934 vel
805 900 913 941 sorbi)
936 901 970 932 in
994 900 1084 932 duas
1101 900 1219 942 partes
1237 900 1390 938 secatur,
1417 900 1568 940 utraque
1587 906 1670 940 pars
1688 898 1724 930 in
1741 897 1894 931 formam
1909 898 2117 933 dimidiatae

336 967 401 1001 per
434 959 691 1000 longitudinem
720 958 858 999 glandis
883 957 1052 999 scalpello
1077 957 1272 988 incisorum
1299 957 1500 995 excavatur,
1535 955 1671 987 litterae
1705 955 1740 986 in
1765 962 1936 988 cavorum
1966 956 2120 998 utroque

337 1017 398 1048 aut
421 1015 533 1047 altero
556 1016 638 1047 utro
671 1015 893 1054 inciduntur,
925 1014 1024 1055 glans
1055 1014 1200 1054 antiqua
1226 1021 1297 1045 non
1323 1012 1494 1054 inscripta
1519 1013 1555 1043 in
1581 1011 1670 1043 haec
1695 1019 1783 1044 cava
1808 1012 1980 1045 inseritur
2002 1014 2039 1046 et
2061 1013 2120 1046 in-

338 1071 491 1105 cuditur.
543 1071 677 1112 Robigo
701 1071 903 1103 adulterina
927 1069 1116 1111 glandibus
1140 1070 1222 1111 post-
1247 1069 1433 1102 cusionem
1451 1069 1525 1101 sive
1547 1067 1686 1110 liquore
1710 1068 1815 1101 acido
1833 1069 1908 1102 sive
1925 1068 1995 1103 alio
2013 1069 2120 1104 modo

337 1127 439 1160 facile
455 1129 571 1169 potest
594 1127 694 1166 addi;
723 1127 785 1160 sed
807 1127 1019 1170 plerumque
1045 1126 1209 1159 falsarius
1227 1135 1298 1159 non
1317 1126 1459 1158 videtur
1474 1125 1667 1164 addidisse,
1696 1126 1778 1167 quia
1794 1126 1958 1167 genuinis
1975 1135 2120 1170 quoque

337 1184 525 1226 glandibus
547 1184 736 1217 Asculanis
760 1193 831 1216 non
858 1184 1010 1216 multum
1040 1183 1212 1224 robiginis
1236 1184 1330 1215 inest
1353 1184 1414 1215 aut
1439 1184 1511 1214 tam
1537 1182 1644 1223 dura,
1679 1184 1720 1215 ut
1751 1182 1918 1216 cudendo
1950 1191 2020 1216 non
2043 1175 2121 1219 ⁴ad-

337 1241 484 1273 modum
509 1240 681 1273 laedatur.

428 1297 534 1329 Plane
562 1306 654 1329 nova
684 1298 867 1339 praeterea
891 1305 948 1329 res
974 1296 1163 1330 observata
1188 1297 1243 1329 est
1266 1297 1302 1328 in
1327 1296 1383 1328 his
1408 1296 1601 1338 glandibus
1635 1305 1718 1328 cum
1742 1296 1779 1328 in
1805 1296 2012 1338 Bergkianis
2041 1298 2120 1330 tum

337 1354 371 1385 in
403 1354 519 1395 prima
545 1354 768 1386 Feuardentii
799 1354 910 1392 serie,
943 1353 1022 1385 dico
1054 1352 1273 1395 exemplaria
1303 1352 1534 1395 palimpsesta
1564 1353 1671 1394 (sicut
1694 1354 1838 1386 vocavit
1860 1353 2117 1396 Desjardinius)

336 1412 358 1443 i.
372 1419 401 1443 e.
423 1411 568 1452 glandes
586 1411 640 1443 bis
656 1411 836 1452 pluriesve
860 1411 1015 1443 incusas.
1051 1410 1101 1442 Ac
1116 1409 1364 1451 Desjardinius
1384 1410 1531 1452 quidem
1548 1410 1645 1452 quod
1669 1409 1758 1442 haec
1781 1410 1922 1452 primus
1946 1411 2123 1445 detexerit

336 1469 372 1499 et
388 1468 424 1499 in
440 1468 658 1500 Desideratis
676 1468 752 1501 suis
776 1467 932 1500 ediderit
955 1469 996 1499 ut
1019 1466 1089 1499 sibi
1106 1467 1235 1499 honori
1252 1467 1300 1499 ita
1317 1467 1554 1506 Mommseno,
1582 1466 1680 1508 quod
1697 1467 1732 1499 in
1751 1466 1908 1509 Corpore
1933 1468 2122 1510 Inscripti-

335 1532 445 1556 onum
469 1525 774 1565 desiderarentur,
802 1524 890 1556 vitio
907 1524 1051 1556 videtur
1068 1524 1231 1557 vertisse.
1262 1524 1453 1566 suspectas
1480 1532 1558 1556 esse
1581 1523 1762 1556 eiusmodi
1779 1523 1926 1566 glandes
1953 1532 2036 1557 cum
2053 1533 2119 1567 ego

340 1582 558 1622 (Monatsber.
582 1584 668 1614 4876
685 1590 722 1624 p.
741 1582 794 1621 80)
824 1583 901 1613 tum
919 1581 1164 1613 Mommsenus
1192 1580 1227 1621 (l.
1247 1581 1269 1613 l.
1293 1583 1378 1612 4875
1397 1589 1432 1622 p.
1451 1581 1528 1621 479)
1557 1582 1655 1613 recte
1679 1580 1991 1622 iudicaveramus‚
2019 1589 2117 1623 nam,

334 1641 375 1671 ut
399 1647 439 1670 re
463 1638 654 1679 diligenter
669 1639 870 1671 examinata
887 1639 922 1670 in
948 1639 1039 1670 Bull.
1061 1632 1136 1670 dell'
1155 1637 1238 1670 Inst.
1261 1639 1345 1669 4877
1364 1646 1400 1679 p.
1423 1639 1486 1669 476
1506 1639 1595 1669 extr.
1615 1645 1698 1670 cum
1718 1636 1911 1670 Gabriellio
1927 1636 2118 1678 affirmavi,

336 1695 373 1726 in
391 1695 583 1736 glandibus
608 1704 678 1727 non
695 1695 906 1728 adulteratis
923 1695 1179 1737 inscriptiones
1197 1694 1315 1741 nullae
1338 1695 1536 1726 cernuntur
1553 1694 1701 1727 incusae
1719 1693 1905 1736 multoque
1923 1695 2045 1727 minus
2062 1702 2122 1727 re-

335 1752 525 1793 periuntur
550 1751 698 1792 glandes
722 1752 919 1793 antiquitus
950 1752 1138 1793 repetitam
1164 1751 1351 1783 cusionem
1376 1759 1517 1792 passae.
1568 1751 1637 1783 Sed
1663 1759 1760 1783 nunc
1776 1751 1951 1792 originem
1976 1759 2122 1793 quoque

2240 1782 2242 1794 i

334 1807 479 1840 illorum
497 1808 756 1850 exemplarium
774 1808 953 1850 explicare
969 1816 1130 1850 possum.
1173 1808 1430 1840 Vincenzinius
1446 1808 1542 1840 enim
1568 1808 1598 1840 si
1621 1808 1727 1840 cuius
1744 1807 1885 1850 glandis
1910 1808 2010 1846 cusio
2027 1807 2121 1842 male
2162 1848 2167 1850 Α
2211 1795 2242 1859 ,ζῗ

334 1865 580 1906 processisset,
609 1873 679 1896 non
704 1865 834 1897 abiecit
858 1864 1044 1905 glandem,
1076 1873 1121 1896 ne
1148 1864 1224 1896 eius
1248 1865 1406 1905 pretium
1431 1864 1515 1897 licet
1537 1864 1608 1896 vile
1637 1864 1664 1905 (4
1695 1865 1758 1897 aut
1781 1866 1800 1896 2
1821 1864 1957 1898 solidos
1986 1873 2119 1898 aeneos

334 1921 493 1962 Italicos)
513 1921 696 1963 perderet,
725 1922 789 1954 sed
814 1922 891 1954 sive
915 1922 952 1953 in
971 1921 1098 1954 eadem
1110 1920 1133 1962 1)
1155 1921 1283 1954 sivein
1309 1919 1410 1962 alia2)
1437 1919 1554 1953 forma
1579 1921 1699 1954 denuo
1719 1919 1907 1963 excudit3).
1949 1921 2124 1965 Pleraque

335 1987 473 2017 eorum,
500 1979 634 2020 quippe
658 1978 752 2011 male
770 1987 1007 2018 excusorum,
1035 1979 1193 2011 incertae
1217 1977 1323 2020 plane
1348 1978 1514 2010 lectionis
1539 1979 1639 2010 sunt:
1668 1978 1759 2011 haec
1783 1978 1892 2019 igitur
1914 1979 2039 2021 omisi;
2065 1988 2120 2020 ea,

335 2045 426 2078 quae
444 2036 576 2068 clarius
600 2036 670 2076 legi
686 2037 858 2077 possunt,
876 2044 950 2068 non
967 2035 1114 2068 distinxi
1136 2044 1157 2067 a
1181 2035 1329 2076 ceteris,
1358 2043 1439 2067 nam
1468 2043 1565 2067 nunc
1582 2035 1722 2077 origine
1747 2044 1875 2068 eorum
1891 2035 2068 2078 patefacta
2084 2037 2123 2070 id

335 2092 472 2124 nullius
495 2092 600 2134 plane
624 2091 715 2124 foret
738 2101 839 2126 usus.
854 2110 895 2115 —
915 2092 1090 2133 Bergkius
1114 2092 1208 2125 inter
1232 2100 1315 2124 suas
1340 2091 1488 2132 glandes
1505 2091 1686 2124 detexisse
1711 2091 1781 2124 sibi
1797 2092 1899 2126 visus
1923 2094 1978 2126 est
1995 2102 2119 2126 exem-

335 2149 449 2190 plaria
474 2158 517 2181 ex
541 2148 636 2181 binis
660 2148 822 2181 frustulis
848 2148 1153 2181 conferruminata
1182 2144 1595 2190 (‘zusammenyel6thet’).
1646 2149 1732 2182 Mihi
1750 2149 1929 2191 quaedam
1955 2150 2121 2184 cudendo

334 2198 453 2247 potius
484 2205 652 2237 videntur
685 2206 900 2238 coniunctae
934 2214 1026 2238 esse.
1092 2204 1141 2238 Cf.
1173 2214 1265 2246 quae
1299 2206 1517 2237 Garruccius
1548 2206 1585 2237 in
1626 2214 1662 2237 n.
1690 2204 1769 2246 94³²,
1796 2207 1858 2237 4-3
1901 2206 2131 2248 observavit,

336 2271 428 2304 quae
453 2264 574 2294 tamen
599 2262 747 2302 glandes
771 2271 844 2295 non
869 2265 953 2295 sunt
977 2262 1084 2295 huius
1109 2261 1281 2295 salsarum
1307 2263 1461 2303 generis.
2075 2259 2078 2262 ’

426 2319 562 2351 Indicia
587 2320 743 2359 externa,
771 2319 905 2361 quibus
930 2320 998 2352 hoc
1023 2320 1229 2362 spuriarum
1254 2328 1365 2360 genus
1390 2319 1568 2361 proditur,
1596 2329 1679 2352 cum
1704 2321 1776 2353 alia
1801 2321 1886 2353 sunt
1908 2321 1984 2353 tum
2009 2320 2119 2354 haec:

336 2375 473 2407 litterae
509 2376 657 2408 cusione
694 2375 809 2408 factae
846 2378 880 2409 et
912 2376 1074 2417 robigine
1109 2376 1218 2418 (quae
1251 2385 1357 2418 saepe
1393 2378 1448 2408 est
1479 2378 1600 2409 crusta
1633 2377 1847 2418 durissima)
1881 2378 2143 2419 posterioresf.

336 2431 520 2464 hastarum
546 2433 727 2473 margines
752 2435 901 2472 acutae3
931 2433 1038 2466 orbes
1064 2433 1280 2474 lunulaeque
1305 2433 1506 2465 litterarum
1533 2434 1571 2474 O,
1592 2434 1631 2474 B,
1651 2433 1676 2466 C
1710 2434 1756 2466 al.
1777 2433 1956 2475 angulatis
1980 2433 2123 2467 lineolis

336 2490 559 2527 constantes;
594 2488 751 2530 denique
783 2490 1038 2531 inscriptiones
1063 2498 1213 2525 mancae
1238 2490 1273 2520 in
1299 2489 1489 2530 glandibus
1513 2490 1672 2531 integris,
1701 2490 1870 2523 videlicet
1892 2490 1977 2523 irrde
2001 2492 2119 2532 natae,

337 2544 434 2585 quod
459 2544 558 2585 glans
582 2546 729 2586 antiqua
747 2555 768 2577 a
785 2545 930 2579 falsario
955 2547 1081 2578 incusa
1104 2547 1139 2578 in
1162 2545 1314 2578 formam
1336 2545 1489 2586 ligneam
1510 2556 1638 2588 parum
1664 2547 1868 2588 quadravit3
1897 2547 1933 2579 in
1957 2547 2123 2589 genuinis

338 2601 633 2642 inscriptionibus
658 2602 693 2634 id
711 2600 789 2635 fieri
814 2611 889 2635 non
913 2603 1031 2644 potuit
1047 2604 1254 2644 propterea,
1276 2602 1370 2643 quod
1390 2611 1452 2635 eae
1470 2603 1518 2635 ita
1539 2602 1652 2635 factae
1677 2604 1778 2644 sunt,
1804 2604 1846 2636 ut
1869 2602 2060 2645 plumbum
2085 2605 2122 2636 in

336 2656 488 2690 formam
531 2658 740 2701 inscriptam
774 2658 1043 2699 infunderetur;
1084 2658 1130 2691 cf.
1163 2658 1274 2701 praef.
1302 2657 1368 2701 §4,
1405 2658 1468 2691 ubi
1493 2659 1538 2691 de
1570 2661 1717 2704 antiquo
1751 2660 1898 2702 glandes
1922 2660 2123 2694 fabricandi

336 2714 443 2746 modo
469 2716 629 2756 exposui.
673 2716 814 2748 Ibidem
839 2716 935 2748 aliud
962 2724 1107 2760 quoque
1137 2716 1332 2754 indicium,
1370 2715 1468 2757 quod
1502 2716 1548 2749 ad
1573 2716 1727 2750 formam
1753 2717 1937 2758 glandium
1962 2719 1998 2751 et
2020 2725 2122 2751 men-

337 2778 459 2802 suram
476 2771 752 2813 inscriptionum
777 2773 943 2814 pertinet,
971 2772 1183 2805 memoravi.
1236 2772 1280 2804 Vt
1304 2772 1340 2803 in
1366 2772 1530 2814 robigine
1554 2774 1742 2806 cusionem
1766 2773 1930 2816 detegas,
1956 2774 2122 2816 inprimis

337 2827 518 2859 examines
543 2828 662 2861 hastas
686 2830 738 2869 et,
776 2829 806 2861 si
839 2830 968 2862 litteris
996 2838 1108 2862 vacua
1133 2829 1199 2869 est,
1226 2837 1390 2861 aversam
1422 2831 1575 2871 partem,
1613 2830 1647 2861 in
1674 2830 1808 2871 quibus
1833 2830 1923 2864 dura
1948 2830 2123 2872 robiginis

336 2885 455 2916 crusta
480 2884 634 2916 dissilire
660 2885 761 2917 solet.
813 2886 850 2917 In
875 2886 1001 2928 paucis
1025 2885 1214 2927 glandibus
1244 2884 1409 2918 falsarius
1442 2887 1515 2918 tam
1546 2888 1649 2919 caute
1681 2895 1758 2920 rem
1783 2888 1871 2929 egit,
1907 2887 1963 2927 ut,
1999 2889 2122 2922 utrum

336 2940 502 2973 cudendo
520 2941 610 2973 sacta
636 2942 678 2974 sit
705 2943 891 2985 inscriptio
915 2951 1044 2984 necne,
1073 2951 1117 2975 ne
1142 2943 1344 2975 exercitatis
1369 2942 1515 2984 quidem
1540 2943 1655 2976 oculis
1679 2943 1839 2977 discerni
1862 2945 1982 2986 queat.

428 3110 458 3151 4)
484 3111 547 3144 Ex.
573 3121 624 3153 gr.
655 3111 732 3153 64*‚
754 3115 772 3144 2
800 3114 835 3145 et
860 3115 916 3146 25.

428 3169 459 3208 2)
480 3167 545 3201 Ex.
566 3177 618 3209 gr.
636 3166 712 3208 64*‚
732 3172 769 3201 47
797 3178 846 3203 ΑΡ
863 3171 945 3211 post
961 3170 1025 3212 leq.
1045 3171 1110 3202 Xll
1126 3168 1132 3214 ὶ
1149 3177 1295 3206 scm-:Va
1321 3175 1355 3206 et
1372 3174 1407 3205 in
1423 3182 1457 3206 n.
1473 3173 1548 3215 64³⁶,
1564 3176 1604 3207 95
1620 3175 1644 3208 C
1661 3178 1695 3207 44
1715 3176 1796 3208 ante
1813 3175 1838 3207 L
1852 3178 1871 3208 8
1885 3176 2010 3208 incusa
2022 3176 2118 3209 sunt.

427 3225 459 3263 3)
485 3224 656 3266 Bergkius
681 3234 763 3258 cum
789 3227 825 3258 in
851 3226 925 3258 suis
950 3234 1095 3268 quoque
1129 3227 1319 3268 glandibus
1351 3230 1570 3272 exemplaria
1594 3231 1732 3274 pluries
1757 3232 1884 3265 incusa
1909 3233 2117 3274 invenisset,

335 3278 406 3311 hoc
431 3280 549 3322 ipsum
576 3282 792 3314 sinceritatis
819 3284 956 3315 certum
982 3283 1158 3316 indicium
1191 3293 1270 3317 esse
1303 3287 1460 3327 censuit;
1495 3288 1615 3329 itaque
1649 3289 1686 3321 in
1717 3297 1798 3321 ann.
1819 3288 1930 3321 Rhen.
1954 3291 1995 3321 55
2019 3297 2056 3330 p.
2076 3290 2112 3320 74

336 3334 443 3368 dixit:
473 3338 516 3377 Ja
541 3339 622 3370 eben
646 3339 700 3371 die
721 3332 993 3381 Umstempeluny
1016 3342 1060 3373 ist
1077 3341 1130 3373 die
1148 3341 1238 3374 besto
1255 3343 1465 3384 Bitryschaft
1488 3345 1580 3377 ihres
1595 3345 1886 3387 unverddchtiqen
1909 3345 2118 3386 Ursprunys.

335 3390 427 3429 Quid
461 3394 556 3434 quod
590 3396 698 3427 etiam
732 3396 767 3428 in
801 3396 858 3429 ed.
880 3397 910 3428 II
936 3396 1268 3439 (Schleuderqesch.)
1293 3407 1328 3440 p.
1349 3401 1412 3431 460
1448 3400 1575 3432 eadem
1607 3402 1790 3443 repetivit,
1825 3401 1909 3434 licet
1942 3410 1961 3434 a
1991 3410 2051 3434 me
2084 3401 2120 3432 in

337 3456 468 3482 comm.
489 3451 576 3483 min.
596 3453 698 3486 acad.
721 3455 806 3484 4876
832 3462 868 3495 p.
891 3456 932 3485 76
959 3455 994 3485 et
1013 3442 1059 3485 Ι80
1087 3454 1131 3486 de
1157 3455 1251 3488 mala
1276 3464 1400 3488 eorum
1426 3455 1496 3489 fide
1521 3458 1680 3490 monitus
1705 3459 1810 3491 esset.
