2210 3788
365 335 399 364 X
728 338 732 342 ·
1117 329 1379 361 PRAEFATIO.

366 443 536 482 materia
582 443 748 481 collecta
798 441 959 493 digesta
1000 441 1225 481 diiudicata
1271 453 1395 492 quam
1442 442 1575 481 iustus
1622 442 1944 480 commentarius
1983 453 2138 492 propo-

365 509 503 550 nenda
534 515 667 549 erant.

478 578 518 618 2.
552 577 611 616 Ι)6
642 575 795 616 fundae
835 574 1136 628 glandiumque
1176 588 1255 616 usu
1293 577 1394 616 satis
1434 577 1512 615 iam
1547 582 1788 616 ‘enarratum
1832 582 1896 615 est
1937 575 1990 615 ab
2029 575 2136 627 aliis,

364 645 610 697 praesertim
649 657 671 683 a
711 644 821 684 Iusto
852 644 988 696 Lipsio
1032 644 1323 683 Poliorceticon
1364 643 1470 683 libro
1502 645 1570 696 lv,
1621 644 1794 695 Delfico,
1842 644 2029 695 Minicio,
2069 643 2142 684 Vi-

364 713 509 752 schero
523 711 579 765 ¹),
629 725 783 764 eaque,
826 725 933 764 quae
972 712 1022 752 ad
1065 713 1267 752 Romanos
1298 713 1536 764 pertinent,
1573 712 1625 751 ab
1657 713 1908 751 Mommseno
1949 711 2140 764 exposita

366 781 552 833 reperies
589 781 631 819 in
670 781 860 832 Corporis
897 781 976 820 vol.
1006 781 1020 819 I
1060 794 1102 832 p.
1136 781 1214 819 488
1254 787 1295 820 et
1332 780 1385 819 ab
1424 780 1705 832 Marquardtio
1746 780 2142 834 Staatsverwaltuny

364 847 431 888 ed.
468 849 491 889 2
524 849 556 887 ΙΙ
588 862 630 901 p.
656 849 735 888 343
761 861 823 900 sq.
889 849 971 887 Hoc
1013 848 1098 887 loco
1129 848 1339 888 monuisse
1370 849 1470 888 satis
1503 854 1585 899 est,
1631 849 1808 900 primam
1851 848 2066 900 glandium
2097 848 2141 888 in

363 917 548 956 exercitu
589 917 766 956 Romano
797 915 1081 956 adhibitarum
1112 917 1368 955 mentionem
1401 929 1491 956 esse
1532 917 1632 956 anni
1663 930 1705 956 u.
1740 929 1777 956 c.
1813 916 1893 955 538
1925 922 1996 956 aut
2027 922 2141 957 certe

362 985 460 1022 anni
500 984 579 1022 565
595 983 652 1037 2),
699 985 888 1024 ultimam
927 985 1026 1024 anni
1066 997 1108 1024 u.
1143 996 1179 1024 c.
1215 984 1288 1023 844
1327 1002 1382 1019 =
1412 998 1454 1036 p.
1491 984 1588 1024 Chr.
1623 983 1742 1037 583),
1785 983 1982 1024 videlicet
2021 984 2142 1038 glan-

361 1050 477 1090 dium
498 1051 806 1103 plumbearum,
843 1064 939 1091 nam
971 1051 1205 1092 funditores
1234 1058 1377 1104 postea
1408 1065 1575 1104 quoque
1605 1053 1654 1092 in·
1672 1053 1949 1093 Romanorum
1971 1053 2143 1093 auxiliis

362 1119 562 1159 militasse
593 1120 694 1159 satis
724 1126 904 1170 constat3
957 1133 1022 1160 ex.
1049 1133 1114 1172 gr.
1148 1121 1191 1159 in
1223 1121 1413 1160 columna
1445 1119 1648 1174 Traiani4)
1686 1122 1986 1173 repraesentati
2026 1127 2136 1171 sunt,

362 1186 436 1226 sed
468 1199 537 1226 eos
568 1187 781 1239 lapidibus
811 1200 906 1228 usos
938 1201 1031 1227 esse
1063 1189 1267 1240 imagines
1299 1189 1414 1240 ipsae
1441 1188 1606 1239 docent,
1643 1189 1827 1241 itemque
1857 1188 1912 1229 ab
1933 1189 2140 1230 Hadriano

368 1253 503 1307 (Corp.
531 1255 560 1293 Ι.
586 1256 673 1295 Lat.
697 1256 783 1295 VlII
805 1268 848 1295 n.
875 1254 1000 1309 2532)
1037 1257 1200 1308 equites
1237 1257 1413 1295 cohortis
1444 1263 1587 1296 sextae
1611 1256 1982 1309 Commagenorum
2013 1258 2142 1311 lapi-

361 1321 450 1361 des
479 1322 622 1362 fundis
652 1323 819 1363 mittere
849 1330 1134 1364 memorantur
1146 1323 1194 1376 ⁵).
1227 1347 1284 1352 —
1315 1324 1430 1364 Sicut
1460 1324 1672 1376 glandium
1710 1325 1895 1377 ipsarum
1926 1327 1984 1366 ita
2015 1325 2140 1366 etiam

361 1389 726 1431 inscribendarum
758 1392 972 1443 glandium
1003 1405 1124 1432 usum
1165 1393 1336 1431 Romani
1377 1405 1400 1432 a
1432 1392 1599 1432 Graecis
1629 1392 1977 1445 adsumpserunt;
2029 1394 2141 1434 anti-

358 1458 559 1509 quissima
590 1472 733 1499 earum
767 1466 831 1499 est
863 1460 1080 1500 Pisoniana
1112 1462 1211 1500 anni
1253 1461 1324 1499 624
1370 1459 1426 1514 (n.
1455 1460 1511 1515 4),
1548 1462 1864 1501 recentissimae
1895 1474 1994 1514 eae,
2029 1474 2140 1515 quae

357 1526 568 1567 adhibitae
590 1533 688 1567 sunt
708 1527 818 1567 bello
840 1529 1038 1568 Perusino
1058 1541 1095 1569 a.
1131 1527 1176 1568 174
1188 1528 1354 1568 3-744
1385 1528 1440 1582 (n.
1466 1529 1519 1569 52
1541 1529 1677 1582 sqq.),
1712 1536 1785 1570 aut
1805 1529 1978 1570 fortasse
1999 1530 2139 1571 Sicula

360 1595 455 1634 Sex,
481 1596 665 1647 Pompeii
694 1594 749 1648 (n.
775 1595 813 1647 2)
850 1608 957 1648 quae
980 1597 1099 1636 cuius
1129 1597 1228 1636 anni
1260 1598 1314 1637 sit
1334 1598 1559 1648 nescimuS‚
1595 1598 1677 1637 nisi
1705 1597 1816 1650 quod
1846 1598 2003 1651 proelio
2026 1598 2140 1651 apud

358 1663 613 1703 Naulochum
644 1676 752 1703 anno
784 1663 865 1703 748
899 1665 1116 1704 commisso
1146 1665 1353 1717 posterior
1383 1678 1475 1705 esse
1505 1666 1668 1717 nequit.
1732 1667 1906 1706 Exstant
1936 1679 2037 1707 sane
2073 1667 2141 1706 in—

358 1732 606 1783 scriptiones
627 1744 708 1771 non
730 1745 902 1784 paucae,
930 1745 1037 1784 quae
1059 1734 1182 1784 longe
1204 1734 1481 1772 recentiorem
1505 1746 1569 1773 ex.
1597 1747 1657 1786 gr.
1684 1735 1862 1787 Traiani,
1887 1737 1936 1776 M.
1957 1733 2134 1787 Aurelii,

359 1800 463 1851 quin
503 1800 671 1852 etiams
703 1801 737 1840 si
776 1800 846 1839 Dis
886 1801 1023 1852 placet
1036 1831 1046 1850 ,
1096 1800 1355 1841 Constantini
1397 1808 1578 1842 aetatem
1621 1802 1894 1855 profitentur,
1943 1809 1984 1843 at
2014 1815 2085 1843 eas
2114 1816 2138 1843 a

358 1867 537 1907 falsariis
578 1868 774 1908 confictas
816 1881 907 1908 esse
947 1867 1056 1909 infra
1096 1868 1464 1910 demonstrabitur.
2039 1907 2046 1911 .

470 1937 510 1976 3.
546 1937 604 1976 De
635 1935 848 1988 glandium
881 1935 1058 1988 fusione,
1095 1936 1241 1989 forma,
1276 1937 1566 1990 magnitudine
1589 1938 1858 1979 memoranda
1886 1945 1984 1979 sunt
2016 1939 2133 1980 haec.

355 2003 537 2044 Glandes
567 2003 683 2044 fusae
721 2011 818 2044 sunt
859 2017 1016 2045 omnes.
1082 2006 1251 2045 Formae
1283 2005 1396 2055 binis
1427 2019 1479 2045 ex
1509 2006 1703 2058 partibus
1737 2007 1996 2060 constabant,
2033 2019 2138 2060 quas

446 2152 477 2193 4)
506 2153 693 2184 Praeterea
724 2152 892 2185 Hawkins
935 2152 1202 2195 (Archaeologia
1228 2155 1329 2195 4847)
1364 2156 1400 2186 et
1433 2153 1557 2187 Pfister
1591 2155 1856 2195 (Jahresbericht
1888 2156 1988 2196 4864)
2024 2155 2135 2188 multa

353 2209 397 2241 de
423 2208 552 2241 fundae
577 2218 644 2241 usu
671 2209 902 2251 collegerunt.
943 2210 1171 2244 Hawkinsius
1196 2220 1288 2252 quae
1313 2212 1456 2253 propria
1484 2211 1605 2252 habet,
1634 2221 1760 2244 eorum
1786 2211 1942 2245 sublesta
1968 2214 2022 2244 est
2046 2211 2136 2245 fides

354 2265 411 2306 (cf.
440 2274 531 2307 quae
556 2265 630 2299 dixi
656 2266 690 2298 in
716 2266 836 2299 Indice
859 2268 1074 2309 auctorum).

445 2322 477 2362 2)
518 2323 589 2354 Liv.
620 2325 672 2354 22.
703 2325 743 2355 37
779 2323 794 2366 ξ
821 2327 839 2355 8
879 2325 924 2365 (a.
956 2325 1055 2366 538);
1097 2325 1204 2358 Hiero
1239 2334 1302 2358 rex
1334 2326 1502 2358 Romanis
1535 2326 1633 2358 misit
1667 2326 1761 2358 mille
1796 2327 2060 2367 sayittariorwn
2094 2335 2136 2359 ac

349 2378 575 2420 funditorum,
602 2383 719 2420 aptam
734 2389 876 2413 manum
894 2382 1061 2414 adversus
1078 2383 1243 2415 Baleares
1267 2391 1309 2414 ac
1325 2383 1468 2415 Mauros
1501 2383 1679 2414 exercitus
1704 2382 1950 2423 Hannibalici,
1983 2383 2135 2425 quihus-

352 2444 435 2467 cum
460 2436 582 2468 confer
599 2437 738 2469 Livium
759 2440 812 2476 24,
836 2441 871 2470 24
896 2437 986 2480 ἕ42,
1015 2438 1076 2471 ubi
1096 2438 1328 2471 Hannibalem
1359 2439 1402 2478 (a.
1423 2439 1501 2480 536)
1529 2439 1720 2480 funditores
1737 2439 1903 2472 Baleares
1927 2442 2135 2482 octinyentos

351 2493 566 2532 septuaginta
599 2493 633 2524 in
659 2493 812 2526 Africam
840 2495 980 2528 misisse
1007 2495 1126 2536 refert.
1154 2513 1197 2519 —
1223 2496 1322 2528 Idem
1349 2498 1404 2536 38,
1432 2498 1474 2527 29
1512 2496 1674 2528 Achaeos
1697 2495 1898 2528 funditores
1922 2505 1943 2528 a
1966 2496 2134 2529 Romanis

351 2547 386 2579 in
420 2548 617 2581 obsidenda
649 2551 753 2582 Same
787 2551 1037 2592 Cephallaniae
1069 2552 1200 2594 oppido
1237 2554 1280 2593 (a.
1310 2553 1386 2593 565)
1422 2561 1610 2594 prospero,
1635 2561 1802 2585 successu
1838 2552 2020 2586 adhibitos
2055 2562 2134 2586 esse

350 2613 499 2638 narrans
530 2607 623 2638 inter
653 2609 771 2639 cetera
804 2611 939 2640 centum
969 2608 1182 2649 funditores,
1225 2610 1358 2651 inquit,
1395 2610 1437 2641 ab
1469 2609 1571 2651 Aeyio
1607 2613 1639 2642 et
1672 2610 1788 2642 Patris
1820 2613 1851 2642 et
1875 2610 1996 2650 Dymis
2033 2612 2134 2644 acciti

350 2665 431 2694 sunt
525 2663 607 2704 (qui)
638 2664 771 2705 lonyius
796 2667 938 2697 certiore
963 2669 995 2698 et
1018 2666 1184 2698 validiore
1208 2667 1278 2698 ictu
1302 2675 1406 2706 quam
1423 2667 1582 2699 Balearis
1597 2667 1753 2707 funditor
1769 2676 1807 2700 eo
1832 2667 1897 2699 telo
1919 2669 1975 2700 usi
1999 2671 2091 2702 sunt.

443 2718 475 2759 3)
502 2719 642 2752 Tacitus
669 2729 751 2753 ann.
781 2723 835 2760 43,
858 2724 916 2753 39:
947 2731 966 2753 a
992 2722 1144 2754 Domitio
1171 2723 1373 2756 Corbulone
1397 2724 1646 2756 Armeniorum
1673 2724 1862 2757 castellum
1887 2726 2131 2767 expugnatum

350 2775 568 2808 libratoribus
590 2776 885 2818 funditoribusque
910 2780 1095 2811 attributus
1121 2780 1226 2821 locus,
1261 2781 1350 2812 unde
1374 2781 1506 2812 eminus
1536 2781 1678 2821 glandes
1703 2783 1909 2821 torquerent.
1958 2782 2132 2823 Tempore

350 2832 457 2863 etiam
490 2834 688 2874 posteriore
722 2844 754 2866 a.
784 2837 847 2866 823
879 2836 944 2876 (70)
982 2835 1129 2876 glandes
1162 2837 1196 2867 in
1231 2836 1350 2869 Civilis
1383 2837 1544 2869 exercitu
1574 2839 1903 2870 commemorantur
1934 2837 1979 2869 ab
2010 2838 2131 2870 Tacito

349 2887 432 2920 hist.
460 2890 493 2929 5,
516 2891 575 2921 47:
604 2892 702 2922 samis
725 2891 973 2932 ylaudibusque
998 2896 1029 2925 et
1054 2894 1176 2925 ceteris
1199 2894 1384 2926 missilibus
1405 2894 1578 2934 proelium
1600 2895 1776 2934 incipitur.

442 2945 473 2985 4)
501 2946 550 2977 De
569 2947 710 2979 Minicis
728 2947 798 2980 tab.
820 2949 845 2988 1,
868 2951 906 2988 3;
936 2949 1128 2990 Froehner‚
1149 2950 1216 2982 col.
1232 2950 1322 2984 Trai.
1347 2950 1550 2991 (4872-74)
1569 2950 1640 2983 tab.
1658 2953 1712 2983 94.
1734 2953 1798 2983 445
1817 2960 1868 2993 sq.
1890 2953 1924 2984 et
1941 2960 1976 2994 p.
1998 2954 2052 2984 46.
2073 2954 2127 2985 24.

348 3001 375 3032 Α
400 3001 543 3033 Minicio
569 3006 751 3044 praeterea
782 3004 840 3046 fig.
869 3008 887 3037 5
929 3005 1117 3038 exhibetur
1149 3007 1275 3048 cippus
1310 3007 1546 3048 sepulchralis
1582 3007 1744 3040 urbanus
1777 3008 2012 3050 Epitynchani
2046 3017 2128 3041 cum

350 3057 540 3093 funditoris
567 3062 719 3102 imagine
748 3061 802 3102 (cf.
823 3062 913 3094 Matz
939 3065 974 3094 et
998 3072 1030 3094 v.
1047 3063 1167 3102 Duhn,
1195 3064 1387 3096 Bildwerlce
1407 3066 1487 3095 4884
1520 3073 1555 3096 n.
1576 3066 1663 3097 3877
1690 3067 1726 3097 et
1750 3065 1853 3107 corp.
1871 3066 1916 3097 VI
1941 3074 1975 3097 n.
1992 3065 2125 3107 47243).

348 3117 386 3148 ln
406 3117 482 3148 eius
517 3118 699 3159 marsupio
732 3118 883 3160 lapides,
916 3121 956 3151 ut
980 3120 1140 3160 videtur,
1181 3122 1277 3152 certe
1312 3129 1382 3152 non
1408 3121 1555 3162 glandes
1586 3122 1796 3154 cernuntur.
1847 3123 1932 3154 ltem
1960 3122 2127 3163 Vegetius

348 3173 394 3204 III
421 3175 482 3206 lli:
512 3174 704 3215 funditores
724 3199 731 3206 .
755 3200 761 3207 .
781 3200 791 3209 .
819 3177 973 3217 dirigunt
996 3185 1104 3217 saoea3
1142 3176 1186 3209 cf.
1214 3178 1274 3208 1111
1300 3179 1332 3210 8.
1360 3195 1405 3200 -—
1431 3177 1642 3210 Funditores
1666 3178 1702 3209 in
1727 3177 1893 3210 columna
1918 3179 1964 3211 M.
1991 3178 2125 3211 Aurelii

348 3232 604 3271 repraesentati
632 3231 700 3269 (ed.
730 3234 815 3264 4704
843 3232 913 3265 tab.
935 3235 971 3264 44
996 3246 1037 3260 =
1059 3234 1109 3265 De
1127 3234 1264 3266 Minicis
1290 3233 1360 3266 tab.
1381 3234 1393 3265 l
1420 3233 1453 3274 4)
1482 3243 1551 3266 non
1574 3228 1815 3267 Romanorum
1848 3237 1931 3267 sunt
1955 3235 2019 3267 sed
2043 3234 2127 3268 bar—

348 3285 536 3327 barorum3
565 3290 717 3321 utuntur
742 3289 921 3331 lapidibus
946 3298 1016 3322 non
1043 3290 1245 3331 glandibus.

438 3345 470 3384 5)
500 3345 537 3375 In
563 3354 681 3387 pugna
707 3356 738 3377 a.
767 3355 802 3387 p.
831 3346 913 3379 Chr.
942 3349 1005 3378 497
1044 3348 1167 3379 contra
1191 3346 1357 3379 Albinum
1392 3356 1503 3389 prope
1528 3347 1766 3389 Lugudunum
1793 3351 1985 3380 commissa
2009 3349 2127 3390 Septi-

348 3401 441 3432 mius
475 3401 630 3434 Severus
660 3402 747 3442 (Vita
780 3411 858 3445 cap.
896 3404 951 3444 44)
995 3407 1152 3436 mortuus
1184 3405 1254 3436 ictu
1286 3405 1467 3443 plumbeae
1501 3405 1729 3437 credebatur.
1791 3405 1858 3437 Vbi
1895 3407 2013 3437 tamen
2051 3414 2124 3438 non

347 3457 445 3498 glans
470 3458 532 3490 sed
557 3459 653 3490 aliud
682 3459 788 3491 telum
815 3460 1040 3501 plumbatum
1066 3460 1208 3493 videtur
1232 3461 1512 3501 intellegendum
1538 3470 1628 3494 esse.
