2210 3788
905 288 1174 322 PRAEFATIO.
1571 301 1582 310 ·
1892 299 1945 330 11

123 390 358 457 smente
387 415 472 444 non
504 403 642 443 tenaci
673 402 882 455 opinionis
919 409 1016 442 ante
1047 409 1273 454 conceptae
1305 402 1381 443 sed
1411 403 1572 456 ubique
1603 405 1658 446 ad
1687 419 1780 446 eam
1811 408 1945 446 corri-

213 519 231 523 „.
293 490 313 507 υ
363 484 514 526 prona.
578 471 767 512 Priorum
808 471 851 511 in
893 470 1088 524 legendis
1126 469 1352 523 glandibus
1390 473 1588 524 genuinis
1620 479 1662 514 et
1701 476 1945 527 spuriarum

118 531 190 571 :ss
208 539 249 592 j
294 538 498 593 ioribus1)
543 551 711 581 errores
741 539 868 580 etiam
906 538 983 579 ubi
1015 551 1084 579 res
1123 551 1238 579 nunc
1269 540 1487 593 explorata
1518 548 1583 582 est
1613 542 1765 584 afferre
1797 556 1947 585 neces-

143 658 148 663 ,Ι
217 652 226 661 ,⁷
273 628 293 644 ει
341 608 423 650 fuit
462 609 505 649 in
543 609 638 650 aliis
677 620 859 662 quarum
897 621 922 648 a
951 608 1133 648 veritate
1174 609 1230 648 ita
1269 607 1451 650 discedit
1489 610 1634 662 lectio,
1683 619 1730 652 ut
1767 612 1945 654 eandem

131 726 139 739 ‘
176 671 177 674 ¹
216 679 463 734 ptionem
501 690 596 719 esse
627 677 798 731 agnosci
828 677 904 718 vix
934 683 1084 730 queat,
1133 677 1176 716 in
1207 677 1301 717 aliis
1331 677 1550 731 pluribus,
1587 691 1766 731 quarum
1799 680 1945 722 falsam

135 736 147 743 “
221 758 366 787 4’,ψ-ιιι
389 747 600 800 vulgatam
632 747 929 800 repetiverunt
960 744 1137 796 falsarii,
1173 745 1274 786 inde
1305 745 1425 787 facile
1457 747 1621 788 fraudis
1642 750 1912 802 coarguendi.

213 818 433 869 ,zffsabulis
463 825 641 868 exhibui
680 825 899 879 glandium
931 826 1215 879 genuinarum
1247 827 1423 880 multas,
1469 828 1711 880 spuriarum
1743 829 1942 884 aliquot2)

218 907 275 953 f
336 913 345 932 ε
389 894 443 936 ad
483 895 711 949 archetypa
751 895 821 936 vel
862 895 1052 950 ectypa³)
1101 907 1122 935 a
1164 896 1390 950 phototypo
1432 896 1488 936 ita
1520 895 1703 949 effictas,
1752 903 1800 938 ut
1841 898 1947 938 nihil

256 982 305 1000 -ιι
353 964 671 1005 retractaretur.
744 965 847 1004 Nam
887 970 935 1005 ut
973 963 1077 1004 haec
1117 976 1184 1004 res
1225 969 1339 1004 tanto
1377 977 1506 1017 opere
1547 965 1590 1005 in
1621 967 1946 1006 controversiam

229 1039 327 1075 eta
357 1038 400 1074 et
437 1038 499 1074 tot
536 1032 675 1074 adhuc
704 1031 1088 1087 disceptationibus
1122 1033 1279 1086 agitata
1310 1033 1642 1085 diiudicaretur,
1684 1035 1788 1074 baec
1817 1034 1947 1075 editio

265 1107 432 1157 poterat
471 1114 616 1143 carere
648 1101 905 1156 imaginibus
945 1108 1035 1143 arte
1075 1114 1192 1142 mere
1231 1102 1473 1144 mechanica
1516 1102 1649 1143 factis.
1712 1104 1803 1144 Non
1834 1104 1946 1145 enim

178 1179 289 1231 {⁶⁴³⁸
321 1177 403 1224 est,
438 1171 474 1212 si
506 1183 622 1212 nunc
643 1170 818 1224 quidem
840 1171 884 1211 in
916 1171 994 1212 hoc
1026 1171 1351 1224 inscriptionum
1374 1184 1530 1224 genere
1553 1172 1607 1213 ad
1638 1178 1797 1213 tantam
1819 1172 1948 1213 dubi-

231 1262 235 1268 ·
258 1252 346 1282 em
376 1229 569 1282 revocato
601 1252 724 1280 nemo
755 1240 984 1293 quicquam
1016 1240 1098 1280 nisi
1129 1240 1243 1293 quod
1274 1241 1451 1282 suismet
1469 1241 1615 1283 ‘oculis
1648 1241 1818 1294 viderit,
1854 1255 1949 1283 cre-

86 1355 87 1358 *
123 1300 149 1360 [³
174 1306 239 1361 [5³
275 1307 420 1351 audet.
486 1307 551 1350 Ad
582 1309 691 1349 hanc
729 1309 862 1362 igitur
892 1308 1069 1361 remii,
1112 1309 1272 1362 quibus
1311 1309 1537 1363 archetypa
1579 1310 1669 1363 ipsa
1702 1311 1947 1351 examinare

84 1415 89 1438 ;
251 1377 378 1432 licet,
426 1383 602 1419 utantur
630 1377 790 1419 tabulis
829 1378 896 1418 his
934 1378 989 1418 ab
1020 1378 1133 1418 omni
1167 1378 1344 1431 legentis
1385 1384 1426 1418 et
1462 1377 1629 1419 edentis
1659 1378 1948 1420 additamento

149 1435 211 1503 ”
350 1446 512 1488 liberis.
567 1447 778 1500 Imagines
807 1444 1025 1500 glandium
1058 1447 1246 1500 ipsarum
1277 1446 1614 1500 magnitudinem
1646 1447 1868 1489 exhibent.
1891 1472 1950 1478 —

95 1504 205 1565 “²{.'}'
224 1524 238 1527 ’
280 1528 366 1558 rea
403 1516 564 1558 inserui
613 1517 748 1557 textui
790 1516 1016 1557 nonnullas
1054 1516 1260 1569 imagines
1299 1515 1556 1569 delineatam,
1607 1528 1714 1569 quas
1755 1517 1949 1557 lectionis

251 1604 259 1621 2
277 1584 310 1642 ⁴)
351 1591 571 1640 tamquam
608 1585 866 1640 interpretes
904 1597 998 1626 esse
1039 1585 1171 1626 volui.
1241 1585 1397 1626 Earum
1442 1585 1550 1626 aliae
1589 1591 1690 1626 sunt
1729 1584 1946 1638 glandium

264 1653 544 1708 >ducatui-um,
591 1660 644 1695 ut
681 1660 772 1696 arte
817 1654 1098 1708 photographi
1138 1666 1273 1707 pauca
1311 1654 1496 1709 vestigia*
1534 1653 1727 1694 exhiberi
1755 1655 1944 1708 possint,

219 1766 221 1769 .
256 1723 479 1779 =quaedam
502 1722 997 1783 secundumqapographa
1028 1736 1121 1764 mea
1151 1729 1252 1764 sunt
1281 1721 1414 1764 factae
1425 1722 1475 1778 ⁵).
1499 1747 1554 1753 —
1579 1723 1773 1776 Denique
1804 1737 1847 1777 p.
1875 1724 1943 1764 37.

242 1793 312 1835 ts.
331 1793 380 1833 8⁴
419 1799 584 1847 septem
621 1791 817 1847 glandes,
863 1805 1043 1846 quarum
1081 1805 1223 1846 neque
1254 1793 1530 1847 archetypum
1570 1801 1710 1846 neque
1750 1799 1947 1846 ectypum

142 1858 295 1923 fidere
323 1863 455 1916 potui,
492 1875 547 1903 ex
576 1862 755 1903 aliorum
787 1861 995 1915 exemplis
1027 1862 1359 1916 repraesentavi.

142 1939 204 1984 ‘'J‘'
257 1942 369 1985 Haec
405 1941 460 1984 de
501 1941 702 1984 editionis
741 1955 860 1984 meae
902 1943 1065 1983 ratione
1105 1941 1337 1996 praefanda
1374 1948 1511 1983 erant.
1586 1935 1746 1990 Quodsi
1789 1942 1857 1982 cui
1899 1955 1947 1982 ea

227 2029 261 2055 ετ*
286 2017 361 2054 tur
393 2011 592 2054 uberiore
639 2024 767 2065 quam
814 2025 889 2066 pro
935 2012 1082 2052 harum
1124 2024 1267 2052 rerum
1314 2011 1452 2065 pretio
1497 2017 1704 2064 apparatu
1744 2011 1947 2052 instructa

227 2110 259 2135 ,
302 2079 355 2122 >id
394 2080 551 2122 factum
592 2086 658 2122 est
696 2081 948 2139 necessitate
989 2093 1091 2121 sane
1123 2080 1216 2121 dira
1247 2093 1326 2120 nec
1356 2093 1448 2121 mea
1481 2080 1603 2133 culpa
1650 2079 1727 2120 sed
1757 2081 1946 2133 priorum

219 2149 461 2205 *erroribus
489 2150 556 2192 vel
587 2149 827 2191 fraudibus.
889 2148 926 2190 A
957 2150 1115 2203 quibus
1153 2150 1319 2191 invecta
1350 2149 1618 2203 perturbatio
1648 2162 1742 2190 cum
1775 2148 1946 2189 tandem

218 2215 371 2261 ⁴ndo
401 2218 672 2273 expedienda
711 2219 986 2272 tollendaque
1017 2225 1142 2267 esset,
1177 2232 1261 2259 non
1294 2219 1483 2270 suffecit,
1530 2218 1612 2258 nisi
1643 2231 1815 2271 operam
1846 2232 1948 2271 per-

227 2296 233 2339 g
274 2288 456 2342 vellem,
499 2301 688 2330 summas
722 2301 792 2329 res
832 2301 942 2342 quae
979 2290 1267 2342 repperissem
1309 2287 1547 2341 significare
1586 2293 1627 2327 et
1658 2299 1706 2327 ea
1737 2286 1947 2327 brevitate

113 2359 115 2363 ’
282 2364 556 2400 monumenta
597 2357 748 2411 edere,
799 2370 884 2412 qua
926 2364 1042 2399 recte
1080 2371 1183 2399 sane
1227 2363 1407 2398 utentur
1450 2357 1501 2407 ii,
1561 2357 1634 2409 qui
1674 2369 1766 2397 meo
1803 2356 1948 2396 labore.

164 2415 175 2425 ⁴
346 2427 523 2482 posthac
550 2426 771 2482 glandium
802 2427 1101 2481 inscriptiones
1132 2425 1388 2478 tractabunt,
1423 2424 1499 2466 sed
1529 2425 1678 2478 utique
1710 2438 1733 2465 a
1764 2437 1830 2465 me
1862 2431 1945 2465 tam

231 2599 270 2644 ⁴)
291 2601 344 2635 De
368 2601 664 2636 Vincenzinianis
687 2600 879 2644 glandibus
904 2601 988 2634 vide
1011 2609 1104 2643 quae
1128 2600 1299 2633 adnotavi
1325 2609 1360 2643 p.
1383 2602 1460 2632 too.

232 2659 269 2700 ss)
295 2659 348 2693 De
372 2659 432 2693 his
454 2658 501 2693 cf.
528 2668 565 2702 p.
595 2661 674 2694 too.

235 2716 271 2759 Ι)
295 2715 479 2760 Exceptae
504 2718 590 2751 sunt
614 2717 710 2750 solae
736 2719 761 2751 t.
781 2716 844 2758 IX,
873 2719 916 2750 ta
941 2718 978 2749 et
1004 2716 1065 2756 ib,
1101 2715 1235 2758 quibus
1266 2715 1406 2748 litterae
1435 2716 1470 2747 in
1503 2715 1715 2757 ectyporum
1751 2713 1862 2747 sulcis
1885 2722 1946 2746 se—

329 2782 448 2808 meam
473 2773 664 2808 lectionem
690 2774 893 2808 delineatae
917 2776 1237 2817 repraesentantur
1259 2775 1464 2816 propterea,
1492 2772 1588 2815 quod
1610 2771 1838 2814 scariphatae
1864 2771 1945 2804 illae

271 2846 277 2859 ’-
305 2832 539 2866 tenuissimae
565 2831 601 2865 in
626 2833 782 2873 imagine
806 2832 949 2874 glandis
975 2832 1014 2874 (t.
1043 2831 1103 2872 lX,
1126 2832 1156 2873 t)
1186 2840 1299 2873 paene
1325 2839 1398 2863 non
1424 2832 1610 2873 apparent.

236 2889 269 2932 4)
302 2888 490 2924 Eiusmodi
529 2889 810 2932 inscriptionum
844 2890 1020 2932 imagines
1056 2890 1119 2932 qui
1159 2888 1325 2922 editurus
1357 2890 1432 2929 est,
1465 2887 1511 2921 ab
1545 2897 1588 2920 eo
1623 2886 1857 2930 praeferenda
1892 2890 1947 2920 est

253 2962 256 2972 ·
275 2956 337 2982 us
360 2947 594 2988 mechanica,
623 2949 662 2981 ut
685 2947 911 2991 phototypia.
961 2947 1060 2987 Quae
1085 2950 1205 2980 tamen
1233 2947 1292 2979 ubi
1318 2945 1483 2979 adhiberi
1511 2946 1654 2988 nequit,
1681 2945 1812 2979 editori
1837 2954 1946 2988 opera

296 3006 373 3045 ost,
416 3006 466 3050 ut
495 3004 743 3048 lithographus
777 3006 835 3039 vel
867 3014 939 3048 quo
975 3006 1046 3038 alio
1078 3005 1246 3047 operario
1271 3005 1387 3037 utitur
1426 3005 1541 3046 ipsam
1573 3003 1723 3037 editoris
1756 3003 1946 3035 lectionem

298 3063 408 3104 ntet;
442 3062 551 3106 atque
584 3063 653 3096 hoc
685 3063 832 3106 quidem
858 3064 1015 3096 maxime
1042 3063 1239 3096 tenendum
1264 3064 1320 3095 est
1345 3064 1380 3095 in
1407 3061 1548 3095 dubiis:
1584 3062 1673 3103 quid
1699 3062 1795 3093 enim
1820 3061 1948 3093 attinet

224 3134 228 3146 ·
293 3119 467 3154 exhibere
491 3129 555 3160 ea,
583 3130 675 3164 quae
699 3120 841 3162 legendi
868 3121 950 3154 talia
985 3121 1108 3153 minus
1138 3122 1277 3163 peritus
1302 3120 1372 3153 sibi
1400 3119 1524 3152 videre
1548 3119 1649 3152 visus
1673 3119 1755 3151 est‘?
1802 3119 1852 3151 De
1878 3118 1946 3150 hac

205 3177 333 3213 monui
358 3178 394 3211 in
417 3181 615 3212 comment.
644 3178 847 3212 minoribus
871 3179 973 3212 acad.
1001 3178 1119 3211 Berol.
1148 3180 1236 3211 ⁴875
1262 3187 1297 3221 p.
1322 3179 1386 3210 474
1413 3179 1488 3210 not.
1510 3180 1543 3210 4.
1569 3195 1616 3200 -
1640 3176 1813 3218 Bergkius
1839 3176 1948 3217 igitur

141 3282 144 3286 A
212 3234 405 3277 glandibus
436 3235 588 3269 edendis
621 3237 755 3273 erravit
784 3236 880 3279 quod
920 3237 1028 3277 (sicut
1051 3234 1235 3279 praefatus
1267 3238 1321 3268 est
1354 3244 1437 3268 ann.
1466 3235 1579 3268 Rhen.
1612 3236 1654 3266 55
1681 3243 1716 3277 p.
1737 3236 1756 3266 8
1783 3246 1826 3262 =
1853 3232 1944 3266 Schl.

134 3283 254 3344 1⁸80)
277 3292 495 3327 delineantis
524 3293 676 3328 arbitrio
705 3295 872 3337 permisit
904 3295 940 3327 in
971 3293 1092 3327 dubiis
1132 3294 1168 3327 id
1202 3293 1394 3334 exhibere,
1429 3292 1527 3335 quod
1554 3291 1613 3325 ille
1636 3291 1762 3324 videre
1787 3290 1856 3323 sibi
1892 3292 1948 3322 vi-

111 3340 174 3399 ¹
228 3352 336 3385 esset.
396 3351 425 3384 A
454 3359 528 3394 quo
562 3353 685 3384 tamen
718 3361 784 3385 suo
808 3353 1003 3395 praecepto
1035 3352 1065 3384 si
1100 3352 1159 3384 hic
1197 3351 1268 3384 illic
1295 3352 1371 3394 ipse
1404 3351 1554 3383 recessit
1588 3348 1648 3392 (cs.
1677 3348 1767 3382 inira
1793 3338 1828 3390 p.
1851 3349 1944 3388 ⁴¹02),

103 3404 133 3435 -’-·
167 3406 173 3411 '
217 3419 232 3434 κ
261 3407 358 3442 fecit.

101 3446 149 3507 ,ἶ
235 3466 272 3510 8)
299 3465 390 3500 Vide
411 3475 504 3510 quae
529 3466 605 3500 dixi
631 3475 667 3509 p.
688 3469 722 3500 8.
751 3469 807 3501 5³.
835 3469 877 3499 73
904 3469 994 3500 extr.
