2210 3788
347 301 506 333 xxvm
1107 293 1372 326 PRAEFATIO.

478 407 674 448 Perusiae
707 408 776 447 44.
810 407 879 446 50.
914 406 960 445 54
990 423 1044 441 =
1065 418 1109 446 n.
1134 406 1203 446 74.
1239 408 1308 458 86,
1329 422 1360 448 9.
1396 407 1464 458 63,
1483 419 1521 457 4;
1557 406 1732 458 originis
1763 406 1947 445 incertae
1977 410 2042 446 est
2072 405 2126 446 23
2188 401 2192 441 l

479 489 593 515 =n.
620 475 714 527 444,
740 487 772 515 2.
806 497 863 504 --
892 474 1017 527 Origo
1048 479 1143 514 nota
1174 480 1239 515 est
1269 474 1449 515 Graecae
1480 474 1593 514 illius
1623 479 1666 514 et
1696 486 1740 513 n.
1767 473 1846 512 445
1879 472 2128 514 Herculanei

478 548 668 595 repertae
690 541 765 582 sed
786 542 1058 595 inscriptione
1089 542 1271 582 carentis
1299 541 1409 596 (vide
1430 541 1483 582 ad
1503 554 1546 581 n.
1572 543 1611 591 6,
1632 540 1706 593 45);
1742 546 1978 581 ceterarum
1999 539 2137 594 igitur
2198 576 2201 582 ,,

479 609 672 650 concludi
703 615 867 650 tantum
896 615 1036 662 potest
1074 623 1127 650 ex
1157 609 1505 662 inscriptionibus
1536 608 1708 649 aliunde
1738 610 1821 649 iam
1851 608 1975 649 notis.
2030 608 2128 649 Sin-
2196 611 2210 670 q

479 673 603 730 g'ulae
634 677 810 731 glandes
840 690 923 730 quo
954 684 1141 731 tempore
1172 679 1216 717 in
1246 690 1438 718 museum
1458 677 1666 728 venerint,
1702 688 1899 729 quaeque
1929 676 2013 717 iam
2030 682 2128 717 ante
2196 680 2210 728 ξ’

481 746 720 786 institutam
740 746 901 787 falsarii
920 744 1118 786 Asculani
1149 745 1357 785 officinam
1396 746 1439 785 in
1462 758 1510 785 eo
1531 744 1703 796 fuerint,
1738 745 1926 785 nescitur
1955 750 2131 798 excepto
2203 739 2210 759 *

480 827 564 854 uno
597 814 825 866 exemplari
842 827 851 864 ;
895 826 991 854 nam
1022 826 1165 854 omnes
1196 812 1371 866 glandes
1408 825 1522 854 nunc
1552 811 1739 866 digestae
1769 818 1868 854 sunt
1897 812 2128 854 secundum
2200 802 2210 870 ⁴3

482 881 677 934 Corporis
707 882 827 922 vol.I
858 881 1048 922 ordinem
1079 887 1121 922 et
1150 882 1195 921 in
1227 894 1311 922 una
1342 881 1429 922 sola
1460 882 1513 920 58
1534 899 1591 915 --
1611 894 1653 921 n.
1680 882 1719 933 6,
1739 895 1776 922 45
1806 880 2005 922 schedula
2035 893 2131 922 cum
2201 873 2210 914 Ῑῖ

481 962 657 990 numero
688 949 924 1002 antiquiore
961 948 1128 1003 (44437)
1165 955 1327 990 servata
1358 955 1444 1000 est,
1488 961 1572 1002 quo
1603 949 1756 990 ductus
1784 950 1955 1002 repperi
1985 949 2029 989 in
2058 950 2131 990 In-
2202 972 2210 992 ,-

478 1018 664 1058 ventario
697 1018 886 1071 yenerale
918 1017 1027 1058 della
1060 1018 1283 1058 Collezione
1322 1017 1383 1058 de'
1413 1007 1571 1057 Bronzi
1604 1018 1771 1071 minuti,
1821 1022 2048 1059 contenente
2075 1018 2136 1072 qli

480 1086 623 1139 oqqetti
650 1086 829 1126 immessi
855 1085 965 1126 nella
993 1085 1216 1126 Collezione
1244 1085 1463 1126 medesz'ma
1493 1085 1592 1138 dopo
1623 1085 1653 1126 il
1683 1086 1737 1125 47
1761 1085 1938 1138 Gennajo
1961 1087 2075 1128 4852
2105 1099 2131 1127 α
2204 1107 2210 1134 ,;

482 1158 579 1193 tutto
609 1153 640 1193 il
669 1153 712 1193 dt
742 1153 794 1193 54
819 1154 959 1207 Luqlio
992 1155 1102 1194 4854
1132 1154 1252 1193 haec:
1300 1152 1453 1193 44437.
1491 1154 1628 1193 44438
1656 1152 1725 1207 (=
1744 1155 1908 1194 numeri
1934 1153 1999 1195 del
2035 1155 2133 1196 Ver·
2200 1167 2210 1194 ,ὲ

479 1220 568 1261 bale
589 1221 716 1260 2004.
740 1220 891 1274 2005);
925 1222 1012 1260 Due
1042 1220 1188 1274 lunyhe
1207 1221 1380 1275 qhiande
1410 1221 1455 1262 di
1479 1221 1634 1274 piombo
1654 1234 1728 1263 con
1758 1222 1908 1263 lettere.
1968 1222 2134 1278 Lunqhe
2196 1192 2210 1284 ᾗ

483 1290 538 1328 48
569 1289 786 1329 centesimi.
849 1289 899 1328 N.
936 1288 1275 1328 44439-44447
1318 1287 1388 1343 (=
1409 1289 1736 1344 2006-2044);
1780 1291 1891 1331 Nove
1926 1290 2032 1332 altre
2059 1291 2133 1345 pi&
2197 1287 2210 1355 {⁴-

473 1357 619 1409 picz'ole
657 1369 677 1396 e
714 1369 843 1397 senza
883 1357 1032 1398 lettere.
1101 1358 1245 1411 Lunya
1285 1358 1479 1398 ciascuna
1516 1358 1586 1398 un'
1626 1359 1757 1399 oncia.
1826 1359 2048 1401 Fiorellius
2088 1361 2132 1400 in

480 1424 673 1477 Catalogo
712 1438 750 1465 a.
787 1426 895 1464 4869
927 1438 969 1478 p.
999 1426 1042 1464 44
1081 1431 1273 1478 testatur,
1331 1438 1525 1467 museum
1568 1426 1745 1479 glandes
1775 1426 1829 1467 ab
1870 1427 1975 1468 Isaia
2006 1427 2133 1468 Salati
2194 1408 2210 1482 ἑ

484 1492 551 1546 (25
584 1493 674 1533 Oct.
713 1493 834 1542 4865)
872 1493 1147 1546 acquisivisse
1180 1500 1221 1533 et
1251 1494 1305 1534 ab
1333 1492 1523 1547 Augusto
1553 1495 1703 1547 Vecchj
1748 1494 1814 1548 (26
1848 1496 1965 1549 Sept.
2004 1495 2128 1550 4868)
2203 1523 2206 1526 «

478 1559 586 1600 dono
617 1562 854 1614 accepisse,
903 1561 979 1602 sed
1009 1574 1118 1613 quae
1150 1562 1245 1602 illae
1278 1561 1438 1602 fuerint
1468 1561 1717 1604 distinctum
1747 1575 1831 1603 non
1862 1569 1949 1615 est;

536 1627 576 1682 2)
623 1629 799 1681 glandes
838 1630 926 1670 XVI
969 1629 1073 1683 (Cat.
1110 1630 1258 1669 4-46
1285 1648 1341 1665 =
1373 1629 1686 1685 4749-4734)
1732 1631 1830 1671 olim
1870 1632 2127 1685 Santangeli,

479 1697 600 1737 cuius
631 1709 841 1749 museum,
878 1698 993 1750 quod
1023 1699 1103 1738 iam
1135 1698 1189 1738 ab
1219 1698 1476 1738 Romanellio
1507 1698 1725 1740 laudatum
1761 1698 1923 1753 (Napolz'
1950 1701 2088 1742 antica
2114 1712 2134 1741 e

478 1765 685 1818 moderna,
723 1766 789 1818 ΙΙΙ,
828 1767 952 1818 4845,
989 1779 1033 1819 p.
1060 1765 1146 1820 94),
1185 1767 1209 1805 5
1240 1765 1348 1818 Aug.
1386 1767 1493 1806 4865
1535 1779 1558 1806 a
1595 1767 1825 1820 municipio
1861 1768 2132 1821 Neapolitano

477 1839 665 1885 emptum
696 1840 738 1873 et
776 1835 819 1874 in
851 1847 995 1874 museo
1035 1847 1224 1875 seorsum
1257 1835 1489 1887 repositum
1520 1841 1584 1876 est
1619 1834 1813 1889 (Fiorelli‚
1856 1836 1975 1877 catal.
2010 1849 2136 1877 num·
2192 1824 2210 1877 ἕ

480 1913 642 1941 morum
684 1901 830 1942 Graec.
877 1903 1118 1955 Santangeli
1163 1904 1294 1956 4866,
1340 1904 1385 1943 in
1429 1903 1589 1956 praef.;
1638 1902 1862 1956 Migliorri,
1905 1904 2033 1958 yuida
2073 1905 2138 1946 del

477 1981 610 2009 museo
649 1970 883 2010 nazionale.
926 1971 1032 2023 Nap.
1078 1969 1187 2010 4876
1228 1985 1272 2024 p.
1301 1970 1418 2024 357).
1496 1972 1651 2011 Omnes
1689 1976 1788 2011 sunt
1827 1971 2034 2024 genuinae
2074 1978 2130 2026 et,

477 2044 687 2089 quatenus
717 2037 888 2078 aliunde
918 2037 1114 2079 concludi
1143 2038 1241 2079 licet
1268 2038 1378 2093 (nam
1399 2044 1490 2079 acta
1521 2038 1574 2079 de
1606 2052 1751 2080 earum
1772 2039 1933 2091 origine
1953 2053 2037 2081 non
2058 2053 2135 2081 ex·
2204 2033 2210 2053 ³

477 2104 619 2158 stant),
643 2104 896 2147 Asculanae.
949 2106 1105 2159 Robigo
1141 2105 1200 2160 (in
1232 2109 1255 2147 4
1290 2108 1513 2160 subnigra,
1549 2108 1594 2147 in
1628 2108 1680 2147 45
1711 2109 1927 2149 cineracea
1957 2114 1999 2149 et
2027 2108 2136 2150 flava

480 2173 530 2212 46
553 2173 661 2213 flava
693 2179 736 2214 et
766 2173 1028 2227 ferruginea,
1075 2175 1119 2215 in
1151 2176 1329 2228 reliquis
1359 2175 1479 2230 flava)
1515 2176 1558 2215 in
1587 2181 1699 2216 terra
1734 2189 1820 2218 non
1851 2177 1895 2216 in
1926 2189 2034 2230 aqua
2066 2190 2147 2217 re-¹
2193 2176 2210 2208 :27

476 2247 620 2294 pertas
651 2253 744 2281 esse
774 2243 928 2294 arguit.
991 2243 1311 2295 Inscriptionem
1343 2243 1543 2283 exhibent
1575 2243 1614 2283 4.
1640 2244 1679 2285 2.
1705 2244 1747 2284 3.
1772 2244 1795 2283 4
1823 2243 1894 2297 [--
1914 2245 2027 2298 apud
2057 2258 2134 2287 nos

477 2321 519 2349 n.
546 2308 615 2349 37.
661 2310 727 2359 23,
751 2324 783 2350 4.
828 2309 899 2361 27,
923 2325 954 2351 3.
1003 2310 1068 2362 47,
1095 2310 1126 2364 2]
1173 2312 1338 2365 insigne
1370 2311 1411 2352 5.
1438 2313 1461 2351 6
1510 2310 1617 2365 (cum
1658 2312 1893 2353 litterarum
1922 2314 2129 2368 vestigiis)

478 2376 518 2416 7.
545 2378 568 2416 9
606 2377 676 2430 [=
697 2378 766 2430 38,
793 2392 843 2418 15.
870 2392 920 2418 14.
947 2392 994 2431 16,
1041 2380 1109 2431 40,
1137 2378 1195 2432 1];
1242 2380 1294 2420 iis
1325 2386 1468 2420 carent
1499 2381 1523 2419 8
1557 2379 1762 2433 (pendens
1795 2382 1905 2433 66,“5
1936 2382 2035 2436 gr.).
2080 2383 2131 2423 ⁴0

483 2444 564 2497 (62,
586 2459 602 2484 5
624 2444 727 2498 gr.).
763 2447 807 2485 44
850 2445 933 2500 (57,
957 2459 996 2496 53
1034 2439 1131 2487 cum
1150 2447 1341 2501 vestigiis
1362 2449 1546 2499 incertis,
1575 2448 1670 2488 vide
1691 2447 1746 2489 ad
1766 2454 1952 2490 nostram
1972 2462 2015 2493 n.
2041 2450 2130 2504 48).
2199 2455 2202 2496 j

479 2514 530 2554 42
558 2513 641 2567 (55,
668 2528 707 2566 5,
743 2513 839 2554 fort.
874 2527 968 2555 cum
999 2515 1162 2556 litterae
1192 2515 1403 2569 vestigio),
1442 2517 1491 2555 43
1532 2515 1600 2569 (37
1627 2515 1727 2571 gr.),
1766 2518 1816 2557 44
1856 2517 1923 2571 (38
1945 2518 2042 2572 gr.),
2079 2519 2130 2558 45

485 2580 549 2634 (33
575 2581 674 2634 gr.),
713 2582 764 2620 ⁴6
792 2581 859 2636 (29
882 2583 968 2636 ἕνῃ
1027 2584 1078 2623 ⁴2
1111 2589 1154 2623 et
1187 2583 1237 2622 45
1271 2583 1445 2623 formam
1486 2584 1729 2625 dimidiatae
1762 2584 1927 2638 glandis
1958 2586 2126 2627 hahent.
2195 2575 2210 2639 3³5

476 2672 533 2678 —
553 2650 848 2702 plerarumque
881 2656 1028 2703 ectypa
1050 2663 1207 2704 gypsea
1238 2651 1402 2692 liberali
1424 2652 1519 2693 Iulii
1542 2652 1594 2692 de
1615 2654 1736 2693 Petra
1767 2654 1890 2693 amici
1920 2655 2133 2707 permissu

476 2715 666 2758 facienda
696 2717 857 2758 curavi.
2195 2756 2206 2780 ,,

533 2786 594 2826 De
616 2786 844 2838 glandibus
865 2800 889 2827 a
910 2786 1134 2840 Conceptio
1158 2789 1266 2829 Rosa
1287 2788 1598 2841 Corropolitano
1629 2789 1829 2842 collectis,
1864 2788 1973 2843 quae
1990 2803 2135 2845 «nuper

477 2852 522 2891 in
551 2853 628 2892 hoc
657 2866 851 2894 museum
881 2861 1107 2907 venerunt,
1142 2855 1238 2895 vide
1269 2869 1311 2895 n.
1337 2857 1416 2895 89*
1446 2861 1488 2896 et
1517 2855 1725 2898 Addenda
1753 2871 1797 2910 p.
1826 2858 1921 2897 443.

400 2919 436 2973 b)
478 2921 664 2973 Raphael
693 2923 853 2962 Barone
884 2924 1162 2975 antiquarius.
1225 2923 1329 2964 Vide
1359 2937 1403 2964 n.
1439 2924 1532 2965 95*.
2196 2960 2201 2977 ,

406 2987 438 3043 c)
484 2987 683 3029 Alfredus
716 2991 1010 3043 Bourguignon
1050 2991 1238 3044 possidet
1277 2997 1474 3044 quattuor
1515 2993 1689 3046 glandes
1719 2993 1907 3042 Latinas,
1954 3006 2060 3047 quas
2091 3007 2130 3048 a.
2194 2991 2208 3045 ἶ)

478 3058 586 3097 4882
629 3059 742 3110 ipsas
784 3058 1107 3111 Heidelbergam
1151 3060 1252 3099 mihi
1292 3061 1539 3101 transmisit.
1615 3060 1719 3101 Vide
1759 3074 1803 3101 n.
1840 3062 1877 3113 4,
1903 3074 1965 3113 23;
2002 3063 2039 3115 6,
2068 3076 2126 3113 60;
2200 3066 2210 3123 ξ

476 3125 570 3178 8l*,
598 3140 647 3166 15.
673 3140 722 3167 16.
1499 3118 1503 3121 Δ
2205 3140 2210 3162 l

400 3191 439 3247 d)
476 3194 696 3235 Ianuarius
726 3195 879 3234 Riccio.
942 3195 1046 3236 Vide
1076 3209 1120 3236 n.
1149 3196 1185 3248 4,
1213 3209 1263 3236 27.

401 3260 434 3314 e)
474 3261 574 3302 baro
605 3262 657 3303 de
687 3263 838 3303 Riseis.
901 3262 1007 3304 Vide
1038 3263 1092 3304 ad
1122 3277 1166 3303 n.
1191 3265 1260 3305 22.

397 3327 438 3382 f)
484 3331 718 3383 negotiator
748 3331 921 3383 quidam
954 3332 1234 3384 antiquarius.
1297 3332 1401 3372 Vide
1431 3345 1473 3373 n.
1510 3332 1600 3385 87*,
1626 3347 1658 3373 5.

348 3408 667 3450 Gatanzaro.
729 3412 917 3451 Museum
949 3412 1220 3464 municipale.
1283 3411 1386 3452 Vide
1417 3425 1460 3452 n.
1487 3413 1554 3464 54,
1580 3427 1597 3452 5
1628 3418 1668 3452 et
1699 3426 1741 3453 n.
1769 3413 1859 3465 68*‚
1884 3427 1998 3454 44-53.
2195 3408 2210 3467 ἢ
