2242 3776
363 290 424 336 92
1026 293 1236 326 GLANDES
1262 292 1464 326 srvaE.

358 423 505 466 glandes
530 430 600 454 non
626 422 745 454 essent
769 429 885 463 nuper
909 419 1055 452 demum
1081 420 1226 452 incusae
1252 427 1396 458 omnes,
1425 420 1543 450 tamen
1569 425 1697 458 magna
1725 426 1769 450 ex
1792 419 1895 459 parte
1919 417 2025 458 falso;
2053 427 2138 452 nam

357 479 466 512 multa
501 479 625 511 insunt
656 487 676 510 a
711 477 932 518 Desjardinio
966 476 1058 509 male
1090 476 1194 509 lecta.
1242 475 1488 517 Desjardinius
1520 475 1617 507 enim
1654 483 1723 507 non
1757 473 1875 506 solum
1908 475 1944 506 in
1968 474 2135 517 plurimis
2194 475 2228 516 ’;

357 533 648 577 inscriptionibus
673 534 831 575 legendis
852 541 961 575 supra
989 541 1095 575 quam
1125 533 1223 565 credi
1247 533 1365 575 potest
1393 531 1545 569 erravit,
1573 539 1700 563 verum
1727 531 1836 563 etiam
1859 531 2056 573 permultas
2078 532 2138 566 in·
2195 541 2203 550 ··

356 592 566 633 scriptiones
599 591 919 633 inscriptionumve
943 589 1114 632 reliquias
1138 590 1323 631 tamquam
1356 589 1391 620 in
1417 587 1608 630 glandibus
1633 586 1760 625 lectas,
1788 595 1895 630 saepe
1920 596 1966 620 ne
1989 587 2135 622 dubita-
2195 604 2197 606 ·
2227 590 2230 595 “

356 649 489 681 tionem
514 647 661 689 quidem
691 646 893 689 professus,
928 646 1122 679 delineavit
1145 645 1347 687 ediditque,
1381 653 1534 687 quarum
1558 652 1628 676 nec
1655 644 1774 677 volam
1799 652 1866 677 nec
1887 645 2075 688 vestigium
2098 646 2134 679 in

356 706 440 747 ipsis
465 706 602 737 exstare
636 703 795 737 intellexi
819 703 1115 736 confirmantibus
1146 703 1288 742 amicis,
1323 701 1454 744 quibus
1479 700 1672 743 archetypa
1701 701 1910 734 monstravi.
1959 701 2075 745 Atque
2097 703 2136 736 in
2200 742 2203 749 ,

355 764 503 803 utraque
528 769 566 793 re
591 762 664 793 tam
689 769 795 803 saepe
829 762 864 793 et
888 761 985 793 tanto
1010 768 1116 802 opere
1140 759 1314 802 peccavit,
1347 759 1407 791 vix
1430 759 1469 790 ut
1493 758 1645 790 alterum
1670 757 1755 790 huic
1779 766 1844 800 par
1867 757 2074 801 exemplum
2097 759 2134 792 in
2200 796 2203 798 ,
2229 798 2231 802 ⁴

355 819 521 850 universa
547 826 585 849 re
611 817 838 859 epigraphica
871 817 1019 859 reperiri
1044 818 1149 858 queat
1182 816 1249 848 nisi
1275 814 1364 847 forte
1392 814 1482 848 tituli
1500 814 1726 847 Pestinenses
1746 814 1791 847 ab
1809 814 1937 848 eodem
1961 814 2068 855 editi,
2088 815 2134 850 de
2200 820 2220 823 ’

353 874 484 916 quibus
508 875 672 916 exposuit
695 874 936 906 Mommsenus
961 874 996 905 in
1021 872 1172 915 Ephem.
1194 874 1305 913 epigr.
1326 872 1355 903 II
1379 881 1414 914 p.
1436 872 1499 903 354
1518 880 1597 913 sqq.
1636 870 1782 912 Singula
1805 871 1844 906 h.
1861 871 1884 904 1.
1904 872 2074 915 persequi
2091 882 2134 907 eo
2198 908 2201 911 ,
2229 899 2231 901 .

354 932 470 962 minus
488 938 576 973 opus
601 932 666 971 est,
694 930 790 971 quod
814 930 977 972 exempla
1002 938 1022 962 a
1048 938 1106 961 me
1131 930 1167 961 in
1192 937 1323 961 comm.
1345 937 1399 960 ac.
1427 930 1514 960 4875
1540 936 1576 969 p.
1607 929 1670 959 470
1695 936 1775 970 sqq.
1803 929 2003 971 composita
2031 929 2136 966 suffia

352 988 451 1020 ciunt
476 990 510 1020 et
533 987 630 1029 quod
653 995 778 1019 omnes
806 995 826 1019 a
843 986 1067 1027 Desjardinio
1085 985 1375 1018 Desideratorum
1399 983 1577 1016 fasciculis
1595 986 1628 1015 2.
1650 986 1681 1015 3.
1706 985 1737 1016 4.
1764 986 1784 1016 5
1810 983 1924 1017 editas
1947 985 2132 1030 inscripti—

352 1053 439 1077 ones
472 1045 611 1086 spurias
644 1052 722 1076 esse
755 1051 850 1075 nunc
884 1044 1024 1075 constat
1047 1051 1088 1075 ac
1121 1043 1307 1085 praeterea
1339 1041 1553 1083 archetypa,
1589 1049 1681 1082 quae
1714 1040 1901 1074 falsarium
1924 1041 2135 1078 adhibuisse

353 1110 449 1134 nunc
481 1101 766 1133 demonstratum
799 1103 868 1141 est,
904 1101 956 1132 tot
980 1099 1152 1132 lectiones
1184 1098 1474 1139 DeSJardinianas
1498 1106 1562 1139 per
1586 1106 1625 1130 se
1656 1096 1866 1139 refutant1).
1890 1115 1938 1122 —
1959 1094 2133 1142 Bergkius
2190 1097 2196 1106 “
2225 1078 2231 1112 ἱ

353 1166 435 1190 vero
461 1158 599 1189 tantum
625 1155 732 1195 afuit,
761 1157 800 1187 ut
823 1164 881 1188 me
906 1157 1112 1188 monentem
1137 1155 1298 1194 audiret,
1333 1155 1374 1186 ut
1398 1154 1506 1186 etiam
1535 1154 1653 1187 acrius
1677 1162 1827 1186 suarum
1859 1154 2005 1197 quidem
2023 1155 2130 1199 ‘glan-

350 1214 450 1246 dium
467 1214 712 1245 sinceritatem
731 1213 907 1244 assereret
930 1220 1059 1253 easque
1071 1236 1079 1251 ,
1104 1212 1248 1244 interim
1266 1211 1370 1243 novis
1386 1210 1548 1243 eiusdem
1567 1210 1732 1243 officinae
1745 1211 1978 1246 incrementis
1992 1212 2129 1254 aucus,

350 1270 466 1303 denuo
491 1269 613 1301 libello
637 1268 842 1309 Inschriften
865 1269 1054 1301 romischer
1078 1268 1460 1309 Schleuderqeschosse,
1497 1267 1634 1309 Lipsiae
1669 1265 1809 1309 48762),
1841 1269 1877 1301 in
1902 1269 2022 1303 lucem
2045 1278 2132 1313 pro-

350 1327 468 1367 ferret,
496 1326 541 1358 ad
566 1325 804 1358 contumelias
828 1324 1072 1364 descendens,
1108 1333 1200 1366 quae
1230 1328 1271 1356 ut
1295 1326 1392 1356 certo
1418 1325 1500 1356 sunt
1526 1324 1666 1357 liberali
1689 1324 1836 1357 homine
1860 1325 2046 1368 indignae,
2083 1328 2130 1361 ita

348 1392 435 1415 num
459 1383 675 1425 provocatae
700 1380 832 1413 fuerint
855 1381 1155 1414 commentatione
1188 1389 1267 1413 mea
1292 1381 1487 1413 sententias
1519 1381 1615 1421 eius,
1652 1389 1723 1413 non
1749 1381 1868 1423 ipsum
1891 1382 2129 1426 impugnanti,

348 1439 493 1472 arbitrio
519 1439 677 1472 cuiusvis
695 1437 974 1470 existimandum
991 1437 1167 1479 relinquo.
1198 1437 1392 1479 Bergkium
1409 1437 1555 1470 doctum
1573 1446 1736 1479 sagacem
1753 1438 1981 1480 ingeniosum
2005 1447 2131 1474 omnes

346 1497 473 1529 merito
492 1495 728 1534 admirantur,
765 1504 807 1527 eo
832 1495 945 1535 magis
970 1497 1089 1527 autem
1114 1494 1310 1527 dolendum
1328 1496 1380 1527 est
1397 1494 1554 1527 eundem
1580 1495 1702 1527 nescio
1720 1503 1791 1536 quo
1808 1496 1928 1528 animo
1945 1495 2129 1530 interdum
2182 1494 2184 1497 ’
2234 1493 2238 1535 J

2234 1546 2237 1559 l

347 1556 588 1585 transversum
613 1554 735 1584 actum
760 1560 822 1583 sua
847 1552 966 1593 ipsum
984 1551 1111 1584 merita
1129 1551 1392 1584 obscuravisse.
1411 1569 1458 1575 —
1481 1551 1530 1583 De
1549 1551 1774 1593 Desjardinio
1791 1553 1828 1584 et
1842 1551 1992 1594 Bergkio
2014 1561 2129 1587 unum

343 1609 474 1642 addam
491 1609 572 1641 hoc.
601 1609 639 1640 In
653 1608 921 1640 commentariis
936 1608 1065 1640 minor.
1082 1608 1184 1641 acad.
1199 1608 1316 1641 Berol.
1338 1610 1424 1640 4875
1443 1616 1479 1649 p.
1494 1609 1552 1640 474
1572 1617 1651 1650 sqq.
1668 1617 1752 1640 cum
1770 1608 1897 1649 multa,
1924 1618 2019 1651 quae
2034 1610 2127 1643 male

345 1667 488 1707 legisset
504 1664 762 1706 Desjardinius‚
791 1665 1009 1696 notavissem
1026 1666 1060 1698 et
1085 1665 1334 1706 correxissem,
1362 1673 1406 1696 ex
1422 1665 1525 1705 longa
1549 1673 1712 1697 errorum
1738 1665 1830 1698 serie
1854 1665 1944 1698 haec
1967 1667 2131 1710 exempla

345 1731 401 1754 me
418 1721 577 1764 proferre
603 1720 797 1763 praefatus,
825 1721 1070 1762 Desjardinius
1095 1720 1180 1754 fasc.
1202 1723 1220 1753 4
1240 1724 1333 1763 p.)55
1358 1730 1483 1754 eorum
1509 1730 1672 1754 errorum
1695 1723 1797 1764 parte
1813 1731 1922 1765 parva
1939 1723 2130 1758 emendata

344 1779 436 1811 sicut
460 1787 524 1818 ego
550 1775 824 1818 correxeram3),
851 1776 1023 1810 fasciculo
1050 1780 1068 1809 5
1098 1777 1204 1817 (edito
1230 1777 1388 1811 m.1ulio
1415 1777 1515 1818 4876)
1543 1787 1578 1820 p.
1601 1780 1643 1809 92
1673 1787 1730 1819 me
1760 1779 2003 1822 reprehendit,
2030 1781 2130 1823 quod

344 1843 408 1874 ego
426 1834 490 1866 hos
508 1841 650 1866 errores
668 1834 848 1866 notassem
865 1834 947 1866 ante
962 1842 1069 1875 quam
1088 1835 1199 1866 ceteri
1216 1834 1507 1867 Desideratorum
1522 1834 1684 1867 fasciculi
1696 1835 1930 1877 prodiissent3
1957 1837 2129 1879 Bergkius
2160 1841 2167 1844 ’
2216 1843 2221 1847 ”

343 1900 426 1923 mox
453 1890 557 1932 (Schl.
577 1892 663 1922 4876
683 1899 717 1932 p.
736 1892 776 1922 40
803 1891 892 1931 not.)
920 1899 977 1923 me
1003 1892 1151 1931 notavit,
1178 1891 1275 1933 quod
1299 1900 1371 1924 non
1397 1900 1522 1924 omnes
1544 1892 1760 1933 DeSJardinii
1785 1901 1927 1926 errores
1949 1895 2128 1929 correxis-

341 1946 467 1988 sem⁴)‚
495 1947 579 1989 quid
606 1947 703 1988 quod
726 1956 762 1989 p.
785 1949 849 1979 422
876 1947 937 1979 lin.
956 1950 998 1979 20
1027 1947 1085 1988 (cf.
1111 1957 1147 1990 p.
1167 1948 1221 1989 36)
1246 1948 1384 1990 glandis
1411 1947 1489 1989 74*‚
1511 1951 1570 1980 404
1600 1949 1792 1982 lectionem
1816 1952 1980 1992 opteraa,
2016 1960 2126 1994 quam

341 2014 360 2037 a
377 2013 434 2036 me
452 2004 732 2036 demonstratam
753 2005 975 2044 (Monatsber.
997 2006 1015 2036 5
1033 2005 1099 2036 Iul.
1121 2007 1207 2037 4875
1226 2014 1261 2047 p.
1278 2007 1362 2044 474;
1391 2004 1435 2037 cf.
1455 2004 1544 2037 infra
1562 2014 1596 2047 p.
1619 2005 1698 2047 435)
1723 2006 1968 2048 Desjardinius
1983 2008 2128 2042 interim

343 2061 439 2103 (fasc.
462 2062 493 2101 4,
514 2068 636 2092 mense
653 2061 853 2103 Septembri
874 2070 906 2093 a.
925 2063 1010 2093 4875
1027 2062 1167 2094 Parisiis
1189 2061 1297 2103 edito,
1322 2062 1454 2103 Corrig.
1471 2071 1507 2103 p.
1520 2062 1574 2104 55)
1592 2066 1789 2105 receperat,
1811 2072 1870 2096 me
1886 2065 1968 2106 post
1982 2065 2128 2107 Desjar-

338 2118 477 2150 dinium
504 2117 606 2159 quasi
635 2126 757 2149 meum
782 2118 967 2150 inventum
992 2117 1148 2150 edidisse
1173 2118 1408 2151 insimulavit.
1438 2136 1484 2142 —
1513 2119 1575 2151 His
1604 2128 1695 2162 quae
1729 2121 1943 2154 necessitate
1975 2119 2141 2156 coactus

340 2174 487 2206 uberius
505 2175 667 2215 exposui,
687 2174 913 2215 adiungenda
939 2175 1116 2220 quaedam
1141 2176 1225 2207 sunt
1256 2175 1301 2208 de
1325 2175 1501 2216 Raphaele
1527 2177 1735 2209 Garrucci0.
1787 2176 2002 2211 Garruccius
2025 2180 2132 2221 poste,

340 2239 447 2272 quam
480 2239 500 2261 a
526 2230 677 2271 Bergkio
701 2240 731 2262 a.
761 2233 845 2262 4875
871 2230 1018 2271 glandes
1043 2231 1357 2272 Desjardinianae,
1384 2241 1403 2263 a
1429 2241 1486 2264 me
1512 2234 1584 2264 tam
1609 2233 1678 2277 hae
1702 2242 1810 2275 quam
1835 2234 2054 2275 Bergkianae
2075 2237 2124 2269 -in

340 2287 582 2329 suspicionem
609 2288 757 2319 vocatae
783 2287 840 2320 vel
866 2287 1055 2319 damnatae
1089 2289 1172 2320 sunt
1201 2287 1421 2328 (Monatsber.
1451 2291 1538 2320 4876
1564 2298 1598 2330 p.
1621 2290 1662 2321 64
1681 2289 1796 2331 sqq.),
1831 2289 1985 2333 denique
2007 2300 2029 2324 a
2052 2292 2125 2326 Ga·
2190 2290 2215 2344 ζ’

338 2342 479 2376 briellio
505 2344 540 2375 et
555 2351 613 2375 me
630 2351 661 2375 a.
681 2346 766 2375 4877
794 2352 841 2375 m.
861 2344 956 2386 Sept.
976 2343 1098 2376 Asculi
1124 2344 1158 2376 in
1176 2344 1268 2376 hanc
1290 2353 1365 2377 rem
1385 2345 1577 2386 diligenter
1597 2346 1808 2387 inquisitum
1829 2348 1884 2380 est
1899 2347 1950 2380 ita
1965 2349 2007 2381 ut
2030 2349 2065 2381 in
2081 2358 2140 2396 eog

434 2446 463 2485 4)
501 2445 590 2484 Quid
620 2444 783 2478 falsarius
816 2446 910 2487 ipse,
944 2446 1101 2488 optimus
1126 2455 1211 2479 sane
1241 2446 1367 2486 iudex,
1404 2447 1450 2480 de
1475 2448 1745 2489 Desjardiniana
1770 2448 1953 2495 fraudium
1976 2458 2123 2484 suarum

342 2502 499 2534 editione
524 2502 688 2542 senserit,
716 2501 808 2533 infra
833 2503 1137 2535 commemorabo.

433 2557 464 2598 2)
494 2557 544 2590 Cf.
564 2558 807 2590 Mommsenus
832 2559 867 2590 in
893 2559 1124 2601 ephemeride
1143 2560 1192 2591 Im
1215 2569 1326 2592 neuen
1352 2560 1452 2593 Reich
1477 2563 1579 2602 4876,
1599 2562 1629 2593 11
1653 2570 1687 2604 p.
1709 2563 1773 2594 447
1792 2571 1871 2605 sqq,

433 2614 461 2655 3)
491 2615 655 2655 Magnam
677 2623 800 2646 earum
826 2615 1104 2657 inscriptionum
1121 2617 1274 2658 copiam,
1301 2625 1390 2660 quas
1414 2618 1490 2659 ipse
1515 2617 1692 2650 detexisse
1716 2618 1785 2652 sibi
1803 2621 1901 2655 visus
1925 2622 2012 2662 erat,
2031 2629 2122 2664 quae

339 2673 458 2703 tamen
484 2672 631 2703 omnino
656 2680 728 2703 non
753 2672 893 2704 exstent
917 2672 952 2703 in
977 2672 1182 2713 glandibus,
1211 2674 1248 2705 in
1274 2674 1500 2714 Corrigendis
1526 2674 1597 2706 illis
1622 2684 1694 2707 non
1718 2677 1846 2718 attigit.

430 2728 460 2767 4)
488 2728 675 2760 Praeterea
700 2728 796 2769 quod
822 2728 1074 2770 inscriptiones
1100 2730 1197 2762 lectu
1221 2729 1385 2763 difficiles
1418 2739 1476 2763 me
1501 2731 1660 2772 attigisse
1685 2734 1847 2774 negavit,
1874 2734 2014 2776 egregie
2039 2743 2121 2769 eum

338 2783 408 2816 falli
435 2784 531 2816 haud
555 2793 671 2826 pauca
697 2787 732 2817 et
755 2785 801 2817 ab
827 2786 1052 2826 Desjardinio
1079 2789 1113 2818 et
1139 2796 1158 2818 a
1183 2787 1334 2828 Bergkio
1360 2788 1437 2830 ipso
1463 2788 1582 2820 minus
1608 2790 1704 2822 recte
1734 2789 1825 2822 lecta
1849 2790 2118 2832 demonstrant;

338 2850 392 2873 ex.
410 2849 460 2881 gr.
483 2839 559 2881 64*‚
582 2844 645 2873 499
665 2842 708 2876 al.
735 2849 756 2875 L
776 2849 957 2876 MVRuNa
981 2842 1064 2883 legit
1097 2844 1203 2884 Desj.,
1240 2844 1337 2876 idem
1371 2846 1494 2886 postea
1528 2844 1614 2878 fasc.
1635 2847 1652 2877 4
1681 2853 1701 2879 L
1722 2854 1898 2882 mvniLvs
1927 2843 2119 2887 ‘correxit’,

337 2904 427 2931 DON
454 2904 564 2931 MLVII
595 2898 765 2938 Bergkius
789 2907 871 2932 ann.
892 2899 1004 2931 Rhen.
1022 2901 1062 2931 55
1081 2909 1115 2941 p.
1134 2902 1175 2932 48
1202 2909 1283 2932 cum
1309 2900 1462 2941 legisset,
1490 2910 1576 2934 mox
1599 2911 1719 2935 meam
1744 2892 1936 2937 lectionem
1954 2904 2122 2946 (Monats-

336 2954 483 2986 berichte
509 2956 595 2985 4875
629 2963 662 2995 p.
683 2956 740 2986 474
770 2955 852 2994 not.)
890 2962 1114 2991 cmmevu
1145 2957 1220 2998 ipse
1255 2956 1474 2999 Schleuderq.
1503 2967 1539 3000 p.
1577 2961 1638 2990 445
1679 2961 1825 3002 recepit.
1890 2960 1992 2994 Idem
2024 2960 2082 2994 ed.
2105 2962 2120 2993 I
2179 2977 2181 2981 v
2209 2939 2222 2983 *A*

336 3018 369 3051 p.
389 3011 430 3042 54
457 3018 526 3042 non
554 3011 652 3042 recte
685 3011 819 3052 legerat
851 3019 1045 3055 VlPOMES,
1077 3022 1184 3054 quem
1210 3022 1370 3046 errorem
1396 3015 1505 3047 etiam
1530 3015 1778 3059 lithographus
1802 3018 1881 3051 eius
1904 3018 1942 3051 in
1967 3018 2120 3060 imagine

334 3069 404 3099 tam
432 3067 486 3100 ed.
504 3068 517 3098 Ι
543 3077 650 3109 quam
678 3069 734 3100 ed.
755 3069 786 3100 11
813 3069 972 3101 exhibuit
990 3069 1046 3110 (cf.
1065 3071 1234 3103 Monatsb.
1256 3073 1342 3103 4875
1362 3080 1393 3112 p.
1418 3072 1494 3113 474)
1511 3083 1518 3112 ;
1546 3074 1738 3115 postquam
1756 3075 1875 3107 autem
1893 3073 1982 3108 ibid.
2000 3084 2035 3118 p.
2053 3077 2118 3108 475

333 3132 461 3155 verum
485 3131 670 3159 VETOMES
694 3133 759 3165 ego
785 3124 1040 3166 demonstravi,
1068 3127 1102 3159 in
1129 3129 1299 3159 contextu
1324 3127 1492 3160 editionis
1506 3129 1535 3160 II
1561 3138 1595 3171 p.
1614 3132 1677 3161 425
1697 3139 1750 3172 sq.
1774 3131 1865 3164 hanc
1889 3138 1914 3164 τ
1938 3130 2116 3174 probavit,
2174 3144 2177 3147 ⁴
2198 3131 2201 3134 “
2227 3128 2233 3140 ”

334 3183 494 3213 ceterum
519 3191 536 3213 a
556 3190 613 3213 me
648 3183 848 3214 correctam
878 3190 957 3215 esse
988 3184 1128 3223 tacens,
1163 3184 1228 3216 sed
1259 3193 1418 3217 errorem
1452 3186 1540 3217 mihi
1573 3187 1608 3218 in
1641 3196 1676 3220 v.
1696 3189 1860 3229 sequenti
1885 3189 2116 3231 insimulans,

333 3241 395 3281 qui
420 3240 539 3273 nullus
556 3242 619 3273 est.
660 3240 751 3272 Nam
770 3240 791 3272 l.
814 3240 837 3274 l.
858 3250 928 3273 non
957 3248 1080 3278 “covus
1111 3241 1220 3283 edidi,
1248 3244 1287 3275 ut
1303 3242 1474 3284 Bergkius
1493 3243 1583 3276 Schl.
1603 3253 1637 3286 p.
1656 3248 1697 3277 36
1723 3245 1875 3286 indicat,
1904 3247 1968 3280 sed
1991 3252 2118 3282 ῐῐΡΟιΝ

333 3307 447 3340 eoque
472 3299 641 3341 reliquias
659 3300 744 3332 satis
769 3301 938 3333 accurate
956 3298 1113 3339 reddidi,
1139 3298 1309 3331 videlicet
1324 3299 1429 3341 typis.
1453 3300 1642 3343 Inscriptio
1664 3303 1760 3334 enim
1783 3303 1918 3344 integra
1937 3303 2120 3343 (sciliceta

333 3355 476 3389 falsario
505 3356 666 3398 conficta)
694 3358 747 3389 est
771 3365 919 3391 HERNJA
950 3358 1092 3398 (comm.
1114 3356 1216 3390 acad.
1238 3358 1325 3388 4876
1340 3365 1374 3399 p.
1394 3358 1447 3398 66)
1469 3366 1540 3390 non
1559 3360 1597 3390 ut
1616 3361 1755 3401 putavit
1770 3360 1942 3402 Bergkius
1967 3367 2118 3395 llERIVM
2168 3405 2172 3407 ‚
2211 3388 2213 3390 .

332 3415 394 3446 aut
417 3421 556 3448 HERMM
565 3439 572 3447 .
