<?xml version="1.0" encoding="UTF-8"?>
<!DOCTYPE html PUBLIC "-//W3C//DTD XHTML 1.0 Transitional//EN"
    "http://www.w3.org/TR/xhtml1/DTD/xhtml1-transitional.dtd">
<html xmlns="http://www.w3.org/1999/xhtml" xml:lang="en" lang="en">
 <head>
  <title>
</title>
<meta http-equiv="Content-Type" content="text/html;charset=utf-8" />
  <meta name='ocr-system' content='tesseract 3.04.00' />
  <meta name='ocr-capabilities' content='ocr_page ocr_carea ocr_par ocr_line ocrx_word'/>
</head>
<body>
  <div class='ocr_page' id='page_1' title='image "./ephemerisepigrap06deutuoft_0062.png"; bbox 0 0 2242 3776; ppageno 0'>
   <div class='ocr_carea' id='block_1_1' title="bbox 339 264 1484 309">
    <p class='ocr_par' dir='ltr' id='par_1_1' title="bbox 339 264 1484 309">
     <span class='ocr_line' id='line_1_1' title="bbox 339 264 1484 309; baseline 0.002 -7"><span class='ocrx_word' id='word_1_1' title='bbox 339 264 366 309; x_wconf 83' lang='grc'>8</span> <span class='ocrx_word' id='word_1_2' title='bbox 977 270 1187 303; x_wconf 83' lang='lat' dir='ltr'>GLANDES</span> <span class='ocrx_word' id='word_1_3' title='bbox 1212 271 1484 304; x_wconf 79' lang='lat' dir='ltr'><strong>ASOVLANAE</strong></span> 
     </span>
    </p>
   </div>
   <div class='ocr_carea' id='block_1_2' title="bbox 333 400 2230 1740">
    <p class='ocr_par' dir='ltr' id='par_1_2' title="bbox 335 400 2230 856">
     <span class='ocr_line' id='line_1_2' title="bbox 335 400 2123 448; baseline -0.002 -8"><span class='ocrx_word' id='word_1_4' title='bbox 335 404 416 440; x_wconf 87' lang='lat' dir='ltr'>fere</span> <span class='ocrx_word' id='word_1_5' title='bbox 448 412 564 448; x_wconf 88' lang='lat' dir='ltr'>quam</span> <span class='ocrx_word' id='word_1_6' title='bbox 594 400 701 437; x_wconf 91' lang='lat' dir='ltr'>credi</span> <span class='ocrx_word' id='word_1_7' title='bbox 730 404 856 447; x_wconf 92' lang='lat' dir='ltr'>potest</span> <span class='ocrx_word' id='word_1_8' title='bbox 886 400 1061 436; x_wconf 82' lang='lat' dir='ltr'>infestata</span> <span class='ocrx_word' id='word_1_9' title='bbox 1092 404 1130 436; x_wconf 88' lang='lat' dir='ltr'>et</span> <span class='ocrx_word' id='word_1_10' title='bbox 1160 402 1210 437; x_wconf 90' lang='lat' dir='ltr'>ita</span> <span class='ocrx_word' id='word_1_11' title='bbox 1241 402 1415 438; x_wconf 87' lang='lat' dir='ltr'>intricata</span> <span class='ocrx_word' id='word_1_12' title='bbox 1436 406 1506 445; x_wconf 91' lang='lat' dir='ltr'>est,</span> <span class='ocrx_word' id='word_1_13' title='bbox 1542 405 1584 437; x_wconf 89' lang='lat' dir='ltr'>ut</span> <span class='ocrx_word' id='word_1_14' title='bbox 1614 402 1660 436; x_wconf 93' lang='lat' dir='ltr'>iis</span> <span class='ocrx_word' id='word_1_15' title='bbox 1688 411 1821 437; x_wconf 90' lang='lat' dir='ltr'>omnes</span> <span class='ocrx_word' id='word_1_16' title='bbox 1852 400 2123 446; x_wconf 82' lang='lat' dir='ltr'>deciperemur</span> 
     </span>
     <span class='ocr_line' id='line_1_3' title="bbox 336 466 2174 519; baseline -0.002 -11"><span class='ocrx_word' id='word_1_17' title='bbox 336 476 373 509; x_wconf 88' lang='lat' dir='ltr'>et</span> <span class='ocrx_word' id='word_1_18' title='bbox 394 471 548 509; x_wconf 92' lang='lat' dir='ltr'>omnino</span> <span class='ocrx_word' id='word_1_19' title='bbox 570 480 616 506; x_wconf 91' lang='lat' dir='ltr'>eo</span> <span class='ocrx_word' id='word_1_20' title='bbox 638 470 712 504; x_wconf 87' lang='lat' dir='ltr'>iam</span> <span class='ocrx_word' id='word_1_21' title='bbox 732 478 796 504; x_wconf 90' lang='lat' dir='ltr'>res</span> <span class='ocrx_word' id='word_1_22' title='bbox 818 468 982 505; x_wconf 88' lang='lat' dir='ltr'>deducta</span> <span class='ocrx_word' id='word_1_23' title='bbox 1012 472 1127 513; x_wconf 90' lang='lat' dir='ltr'>esset,</span> <span class='ocrx_word' id='word_1_24' title='bbox 1162 472 1204 505; x_wconf 87' lang='lat' dir='ltr'>ut</span> <span class='ocrx_word' id='word_1_25' title='bbox 1233 479 1358 514; x_wconf 87' lang='lat' dir='ltr'>paene</span> <span class='ocrx_word' id='word_1_26' title='bbox 1378 469 1515 505; x_wconf 91' lang='lat' dir='ltr'>melius</span> <span class='ocrx_word' id='word_1_27' title='bbox 1537 472 1639 505; x_wconf 87' lang='lat' dir='ltr'>esset</span> <span class='ocrx_word' id='word_1_28' title='bbox 1660 467 1708 505; x_wconf 89' lang='lat' dir='ltr'>ab</span> <span class='ocrx_word' id='word_1_29' title='bbox 1729 469 1789 504; x_wconf 90' lang='lat' dir='ltr'>his</span> <span class='ocrx_word' id='word_1_30' title='bbox 1809 466 2122 514; x_wconf 83' lang='lat' dir='ltr'>inscriptionibus</span> <span class='ocrx_word' id='word_1_31' title='bbox 2172 517 2174 519; x_wconf 17' lang='lat' dir='ltr'>v</span> 
     </span>
     <span class='ocr_line' id='line_1_4' title="bbox 336 518 2230 583; baseline -0.002 -7"><span class='ocrx_word' id='word_1_32' title='bbox 336 538 566 576; x_wconf 81' lang='lat' dir='ltr'>adhibendis</span> <span class='ocrx_word' id='word_1_33' title='bbox 604 537 717 582; x_wconf 86' lang='lat' dir='ltr'>plane</span> <span class='ocrx_word' id='word_1_34' title='bbox 755 536 964 575; x_wconf 84' lang='lat' dir='ltr'>abstinere.</span> <span class='ocrx_word' id='word_1_35' title='bbox 1026 536 1257 572; x_wconf 86' lang='lat' dir='ltr'>Examinatis</span> <span class='ocrx_word' id='word_1_36' title='bbox 1287 539 1413 573; x_wconf 88' lang='lat' dir='ltr'>autem</span> <span class='ocrx_word' id='word_1_37' title='bbox 1453 537 1564 582; x_wconf 87' lang='lat' dir='ltr'>longe</span> <span class='ocrx_word' id='word_1_38' title='bbox 1594 538 1758 572; x_wconf 85' lang='lat' dir='ltr'>maxima</span> <span class='ocrx_word' id='word_1_39' title='bbox 1787 535 1984 583; x_wconf 83' lang='lat' dir='ltr'>glandium</span> <span class='ocrx_word' id='word_1_40' title='bbox 2013 538 2122 582; x_wconf 72' lang='lat' dir='ltr'>parte</span> <span class='ocrx_word' id='word_1_41' title='bbox 2166 520 2170 524; x_wconf 22' lang='lat'><em>7</em></span> <span class='ocrx_word' id='word_1_42' title='bbox 2225 518 2230 535; x_wconf 46' lang='lat'>¹</span> 
     </span>
     <span class='ocr_line' id='line_1_5' title="bbox 335 603 2122 651; baseline -0.001 -8"><span class='ocrx_word' id='word_1_43' title='bbox 335 608 375 642; x_wconf 92' lang='lat' dir='ltr'>in</span> <span class='ocrx_word' id='word_1_44' title='bbox 405 607 548 642; x_wconf 91' lang='lat' dir='ltr'>museis</span> <span class='ocrx_word' id='word_1_45' title='bbox 579 615 656 650; x_wconf 89' lang='lat' dir='ltr'>qua</span> <span class='ocrx_word' id='word_1_46' title='bbox 686 604 853 651; x_wconf 92' lang='lat' dir='ltr'>publicis</span> <span class='ocrx_word' id='word_1_47' title='bbox 883 615 959 651; x_wconf 90' lang='lat' dir='ltr'>qua</span> <span class='ocrx_word' id='word_1_48' title='bbox 988 604 1146 651; x_wconf 87' lang='lat' dir='ltr'>privatis</span> <span class='ocrx_word' id='word_1_49' title='bbox 1175 607 1411 641; x_wconf 89' lang='lat' dir='ltr'>servatarum</span> <span class='ocrx_word' id='word_1_50' title='bbox 1442 605 1618 641; x_wconf 85' lang='lat' dir='ltr'>effecisse</span> <span class='ocrx_word' id='word_1_51' title='bbox 1647 603 1740 640; x_wconf 92' lang='lat' dir='ltr'>mihi</span> <span class='ocrx_word' id='word_1_52' title='bbox 1764 604 1912 649; x_wconf 87' lang='lat' dir='ltr'>videor,</span> <span class='ocrx_word' id='word_1_53' title='bbox 1947 606 1990 640; x_wconf 84' lang='lat' dir='ltr'>ut</span> <span class='ocrx_word' id='word_1_54' title='bbox 2018 614 2122 642; x_wconf 85' lang='lat' dir='ltr'>nunc</span> 
     </span>
     <span class='ocr_line' id='line_1_6' title="bbox 337 672 2123 719; baseline -0.001 -9"><span class='ocrx_word' id='word_1_55' title='bbox 337 676 503 719; x_wconf 87' lang='lat' dir='ltr'>primum</span> <span class='ocrx_word' id='word_1_56' title='bbox 533 674 655 709; x_wconf 89' lang='lat' dir='ltr'>series</span> <span class='ocrx_word' id='word_1_57' title='bbox 686 682 819 709; x_wconf 87' lang='lat' dir='ltr'>earum</span> <span class='ocrx_word' id='word_1_58' title='bbox 849 674 948 709; x_wconf 90' lang='lat' dir='ltr'>sicut</span> <span class='ocrx_word' id='word_1_59' title='bbox 987 672 1036 709; x_wconf 92' lang='lat' dir='ltr'>ab</span> <span class='ocrx_word' id='word_1_60' title='bbox 1068 672 1266 710; x_wconf 90' lang='lat' dir='ltr'>erroribus</span> <span class='ocrx_word' id='word_1_61' title='bbox 1296 672 1484 710; x_wconf 89' lang='lat' dir='ltr'>editorum</span> <span class='ocrx_word' id='word_1_62' title='bbox 1524 674 1695 719; x_wconf 88' lang='lat' dir='ltr'>priorum</span> <span class='ocrx_word' id='word_1_63' title='bbox 1734 672 1784 708; x_wconf 90' lang='lat' dir='ltr'>ita</span> <span class='ocrx_word' id='word_1_64' title='bbox 1823 683 1843 708; x_wconf 91' lang='lat' dir='ltr'>a</span> <span class='ocrx_word' id='word_1_65' title='bbox 1882 672 2123 709; x_wconf 79' lang='lat' dir='ltr'>falsariorum</span> 
     </span>
     <span class='ocr_line' id='line_1_7' title="bbox 335 739 2123 788; baseline -0.001 -10"><span class='ocrx_word' id='word_1_66' title='bbox 335 741 537 778; x_wconf 88' lang='lat' dir='ltr'>fraudibus</span> <span class='ocrx_word' id='word_1_67' title='bbox 571 744 731 787; x_wconf 87' lang='lat' dir='ltr'>purgata</span> <span class='ocrx_word' id='word_1_68' title='bbox 770 740 957 787; x_wconf 90' lang='lat' dir='ltr'>prodiret.</span> <span class='ocrx_word' id='word_1_69' title='bbox 1048 740 1273 786; x_wconf 90' lang='lat' dir='ltr'>Spuriarum</span> <span class='ocrx_word' id='word_1_70' title='bbox 1321 741 1515 788; x_wconf 89' lang='lat' dir='ltr'>ingentem</span> <span class='ocrx_word' id='word_1_71' title='bbox 1549 750 1752 777; x_wconf 90' lang='lat' dir='ltr'>numerum</span> <span class='ocrx_word' id='word_1_72' title='bbox 1787 741 1828 776; x_wconf 92' lang='lat' dir='ltr'>in</span> <span class='ocrx_word' id='word_1_73' title='bbox 1863 739 1939 776; x_wconf 87' lang='lat' dir='ltr'>fine</span> <span class='ocrx_word' id='word_1_74' title='bbox 1973 739 2123 779; x_wconf 87' lang='lat' dir='ltr'>subieci</span> 
     </span>
     <span class='ocr_line' id='line_1_8' title="bbox 336 809 1680 856; baseline -0.002 -9"><span class='ocrx_word' id='word_1_75' title='bbox 336 810 542 847; x_wconf 89' lang='lat' dir='ltr'>collectum</span> <span class='ocrx_word' id='word_1_76' title='bbox 572 809 842 856; x_wconf 90' lang='lat' dir='ltr'>digestumque</span> <span class='ocrx_word' id='word_1_77' title='bbox 874 819 992 855; x_wconf 90' lang='lat' dir='ltr'>opera</span> <span class='ocrx_word' id='word_1_78' title='bbox 1021 818 1145 854; x_wconf 88' lang='lat' dir='ltr'>aeque</span> <span class='ocrx_word' id='word_1_79' title='bbox 1175 809 1346 846; x_wconf 90' lang='lat' dir='ltr'>taediosa</span> <span class='ocrx_word' id='word_1_80' title='bbox 1375 819 1419 845; x_wconf 94' lang='lat' dir='ltr'>ac</span> <span class='ocrx_word' id='word_1_81' title='bbox 1450 809 1680 846; x_wconf 84' lang='lat' dir='ltr'>necessaria.</span> 
     </span>
    </p>

    <p class='ocr_par' dir='ltr' id='par_1_3' title="bbox 333 875 2227 1740">
     <span class='ocr_line' id='line_1_9' title="bbox 452 875 2117 924; baseline -0.001 -10"><span class='ocrx_word' id='word_1_82' title='bbox 452 877 656 914; x_wconf 91' lang='lat' dir='ltr'>Glandium</span> <span class='ocrx_word' id='word_1_83' title='bbox 695 875 974 913; x_wconf 85' lang='lat' dir='ltr'>Asculanarum</span> <span class='ocrx_word' id='word_1_84' title='bbox 1010 876 1108 913; x_wconf 92' lang='lat' dir='ltr'>haec</span> <span class='ocrx_word' id='word_1_85' title='bbox 1149 876 1264 914; x_wconf 90' lang='lat' dir='ltr'>editio</span> <span class='ocrx_word' id='word_1_86' title='bbox 1303 887 1389 914; x_wconf 89' lang='lat' dir='ltr'>mea</span> <span class='ocrx_word' id='word_1_87' title='bbox 1429 887 1555 924; x_wconf 85' lang='lat' dir='ltr'>nuper</span> <span class='ocrx_word' id='word_1_88' title='bbox 1593 879 1632 913; x_wconf 92' lang='lat' dir='ltr'>in</span> <span class='ocrx_word' id='word_1_89' title='bbox 1672 876 1840 922; x_wconf 86' lang='lat' dir='ltr'>Corpore</span> <span class='ocrx_word' id='word_1_90' title='bbox 1881 876 2002 913; x_wconf 86' lang='lat' dir='ltr'>Inscr.</span> <span class='ocrx_word' id='word_1_91' title='bbox 2035 875 2117 912; x_wconf 88' lang='lat' dir='ltr'>Lat.</span> 
     </span>
     <span class='ocr_line' id='line_1_10' title="bbox 337 943 2125 991; baseline -0.001 -10"><span class='ocrx_word' id='word_1_92' title='bbox 337 946 414 983; x_wconf 92' lang='lat' dir='ltr'>vol.</span> <span class='ocrx_word' id='word_1_93' title='bbox 438 946 492 981; x_wconf 88' lang='lat' dir='ltr'>IX</span> <span class='ocrx_word' id='word_1_94' title='bbox 520 956 559 981; x_wconf 90' lang='lat' dir='ltr'>n.</span> <span class='ocrx_word' id='word_1_95' title='bbox 589 948 695 982; x_wconf 89' lang='grc'><strong>6086</strong></span> <span class='ocrx_word' id='word_1_96' title='bbox 719 955 910 980; x_wconf 68' lang='grc' dir='ltr'>ι-Χινιιι</span> <span class='ocrx_word' id='word_1_97' title='bbox 948 955 1122 981; x_wconf 90' lang='lat' dir='ltr'>seorsum</span> <span class='ocrx_word' id='word_1_98' title='bbox 1161 955 1302 982; x_wconf 86' lang='lat' dir='ltr'>excusa</span> <span class='ocrx_word' id='word_1_99' title='bbox 1340 948 1411 981; x_wconf 90' lang='lat' dir='ltr'>est.</span> <span class='ocrx_word' id='word_1_100' title='bbox 1489 945 1546 981; x_wconf 92' lang='lat' dir='ltr'>Ibi</span> <span class='ocrx_word' id='word_1_101' title='bbox 1583 943 1742 991; x_wconf 85' lang='lat' dir='ltr'>glandes</span> <span class='ocrx_word' id='word_1_102' title='bbox 1779 943 1915 981; x_wconf 90' lang='lat' dir='ltr'>iisdem</span> <span class='ocrx_word' id='word_1_103' title='bbox 1951 944 2125 981; x_wconf 88' lang='lat' dir='ltr'>numeris</span> 
     </span>
     <span class='ocr_line' id='line_1_11' title="bbox 334 1011 2123 1060; baseline -0.001 -11"><span class='ocrx_word' id='word_1_104' title='bbox 334 1014 480 1060; x_wconf 83' lang='lat' dir='ltr'>signavi</span> <span class='ocrx_word' id='word_1_105' title='bbox 520 1013 591 1049; x_wconf 92' lang='lat' dir='ltr'>nisi</span> <span class='ocrx_word' id='word_1_106' title='bbox 637 1013 741 1059; x_wconf 90' lang='lat' dir='ltr'>quod</span> <span class='ocrx_word' id='word_1_107' title='bbox 781 1023 809 1048; x_wconf 88' lang='lat'>1.</span> <span class='ocrx_word' id='word_1_108' title='bbox 844 1022 884 1048; x_wconf 87' lang='lat'>11.</span> <span class='ocrx_word' id='word_1_109' title='bbox 920 1022 962 1047; x_wconf 88' lang='grc' dir='ltr'>ιιι</span> <span class='ocrx_word' id='word_1_110' title='bbox 1011 1013 1086 1048; x_wconf 87' lang='lat' dir='ltr'>iam</span> <span class='ocrx_word' id='word_1_111' title='bbox 1127 1014 1261 1049; x_wconf 85' lang='lat' dir='ltr'>mutati</span> <span class='ocrx_word' id='word_1_112' title='bbox 1303 1016 1392 1049; x_wconf 88' lang='lat' dir='ltr'>sunt</span> <span class='ocrx_word' id='word_1_113' title='bbox 1431 1013 1470 1049; x_wconf 92' lang='lat' dir='ltr'>in</span> <span class='ocrx_word' id='word_1_114' title='bbox 1503 1016 1541 1049; x_wconf 90' lang='lat'>3.</span> <span class='ocrx_word' id='word_1_115' title='bbox 1577 1015 1647 1050; x_wconf 87' lang='lat' dir='ltr'>3a.</span> <span class='ocrx_word' id='word_1_116' title='bbox 1693 1011 1763 1048; x_wconf 88' lang='lat' dir='ltr'>3b.</span> <span class='ocrx_word' id='word_1_117' title='bbox 1844 1012 2046 1048; x_wconf 87' lang='lat' dir='ltr'>Praeterea</span> <span class='ocrx_word' id='word_1_118' title='bbox 2082 1012 2123 1048; x_wconf 89' lang='lat' dir='ltr'>in</span> 
     </span>
     <span class='ocr_line' id='line_1_12' title="bbox 335 1079 2124 1127; baseline 0 -10"><span class='ocrx_word' id='word_1_119' title='bbox 335 1081 506 1127; x_wconf 88' lang='lat' dir='ltr'>Corpore</span> <span class='ocrx_word' id='word_1_120' title='bbox 543 1081 707 1117; x_wconf 89' lang='lat' dir='ltr'>omissae</span> <span class='ocrx_word' id='word_1_121' title='bbox 742 1084 830 1116; x_wconf 91' lang='lat' dir='ltr'>sunt</span> <span class='ocrx_word' id='word_1_122' title='bbox 863 1080 1017 1116; x_wconf 89' lang='lat' dir='ltr'>tabulae</span> <span class='ocrx_word' id='word_1_123' title='bbox 1048 1080 1296 1127; x_wconf 87' lang='lat' dir='ltr'>phototypae‚</span> <span class='ocrx_word' id='word_1_124' title='bbox 1333 1091 1421 1117; x_wconf 90' lang='lat' dir='ltr'>cum</span> <span class='ocrx_word' id='word_1_125' title='bbox 1459 1080 1537 1116; x_wconf 89' lang='lat' dir='ltr'>illic</span> <span class='ocrx_word' id='word_1_126' title='bbox 1568 1079 1725 1126; x_wconf 86' lang='lat' dir='ltr'>quidem</span> <span class='ocrx_word' id='word_1_127' title='bbox 1760 1079 1852 1115; x_wconf 87' lang='lat' dir='ltr'>satis</span> <span class='ocrx_word' id='word_1_128' title='bbox 1881 1089 1970 1115; x_wconf 87' lang='lat' dir='ltr'>esse</span> <span class='ocrx_word' id='word_1_129' title='bbox 1999 1080 2124 1117; x_wconf 86' lang='lat' dir='ltr'>visum</span> 
     </span>
     <span class='ocr_line' id='line_1_13' title="bbox 336 1147 2123 1195; baseline 0.001 -11"><span class='ocrx_word' id='word_1_130' title='bbox 336 1153 438 1185; x_wconf 90' lang='lat' dir='ltr'>esset</span> <span class='ocrx_word' id='word_1_131' title='bbox 477 1149 749 1195; x_wconf 81' lang='lat' dir='ltr'>inscriptiones</span> <span class='ocrx_word' id='word_1_132' title='bbox 780 1148 967 1194; x_wconf 89' lang='lat' dir='ltr'>quasdam</span> <span class='ocrx_word' id='word_1_133' title='bbox 997 1148 1198 1184; x_wconf 88' lang='lat' dir='ltr'>delineatis</span> <span class='ocrx_word' id='word_1_134' title='bbox 1236 1148 1466 1195; x_wconf 86' lang='lat' dir='ltr'>imaginibus</span> <span class='ocrx_word' id='word_1_135' title='bbox 1501 1151 1809 1195; x_wconf 89' lang='lat' dir='ltr'>repraesentare.</span> <span class='ocrx_word' id='word_1_136' title='bbox 1872 1147 2020 1185; x_wconf 86' lang='lat' dir='ltr'>Rursus</span> <span class='ocrx_word' id='word_1_137' title='bbox 2048 1147 2123 1186; x_wconf 88' lang='lat' dir='ltr'>boc</span> 
     </span>
     <span class='ocr_line' id='line_1_14' title="bbox 334 1216 2120 1262; baseline 0.001 -9"><span class='ocrx_word' id='word_1_138' title='bbox 334 1216 419 1253; x_wconf 91' lang='lat' dir='ltr'>loco</span> <span class='ocrx_word' id='word_1_139' title='bbox 450 1218 633 1261; x_wconf 83' lang='lat' dir='ltr'>imagines</span> <span class='ocrx_word' id='word_1_140' title='bbox 664 1216 874 1252; x_wconf 90' lang='lat' dir='ltr'>delineatas</span> <span class='ocrx_word' id='word_1_141' title='bbox 905 1216 1098 1262; x_wconf 85' lang='lat' dir='ltr'>glandium</span> <span class='ocrx_word' id='word_1_142' title='bbox 1139 1219 1176 1262; x_wconf 84' lang='lat'>4,</span> <span class='ocrx_word' id='word_1_143' title='bbox 1204 1226 1253 1253; x_wconf 83' lang='lat'>12.</span> <span class='ocrx_word' id='word_1_144' title='bbox 1301 1220 1338 1262; x_wconf 89' lang='grc'>6,</span> <span class='ocrx_word' id='word_1_145' title='bbox 1365 1227 1417 1254; x_wconf 78' lang='grc'>46.</span> <span class='ocrx_word' id='word_1_146' title='bbox 1440 1227 1492 1253; x_wconf 81' lang='grc'><strong>49.</strong></span> <span class='ocrx_word' id='word_1_147' title='bbox 1516 1226 1568 1253; x_wconf 85' lang='lat'>55.</span> <span class='ocrx_word' id='word_1_148' title='bbox 1613 1219 1651 1260; x_wconf 88' lang='lat'>9,</span> <span class='ocrx_word' id='word_1_149' title='bbox 1678 1225 1709 1252; x_wconf 80' lang='grc'>6.</span> <span class='ocrx_word' id='word_1_150' title='bbox 1735 1225 1785 1251; x_wconf 78' lang='grc'><strong>15.</strong></span> <span class='ocrx_word' id='word_1_151' title='bbox 1811 1224 1860 1252; x_wconf 84' lang='grc'>16.</span> <span class='ocrx_word' id='word_1_152' title='bbox 1888 1225 1938 1252; x_wconf 84' lang='lat'>18.</span> <span class='ocrx_word' id='word_1_153' title='bbox 1975 1217 2042 1261; x_wconf 73' lang='lat'>24,</span> <span class='ocrx_word' id='word_1_154' title='bbox 2069 1225 2120 1254; x_wconf 78' lang='lat'>11,</span> 
     </span>
     <span class='ocr_line' id='line_1_15' title="bbox 336 1282 2124 1331; baseline 0.001 -9"><span class='ocrx_word' id='word_1_155' title='bbox 336 1287 403 1328; x_wconf 77' lang='lat'>25,</span> <span class='ocrx_word' id='word_1_156' title='bbox 431 1294 462 1320; x_wconf 92' lang='lat'>1.</span> <span class='ocrx_word' id='word_1_157' title='bbox 499 1287 624 1329; x_wconf 86' lang='lat'><strong>33,1.</strong></span> <span class='ocrx_word' id='word_1_158' title='bbox 662 1287 727 1329; x_wconf 89' lang='lat'>38,</span> <span class='ocrx_word' id='word_1_159' title='bbox 755 1295 787 1320; x_wconf 86' lang='lat'>5.</span> <span class='ocrx_word' id='word_1_160' title='bbox 824 1286 890 1321; x_wconf 88' lang='grc'>39.</span> <span class='ocrx_word' id='word_1_161' title='bbox 929 1286 994 1330; x_wconf 83' lang='lat'>40,</span> <span class='ocrx_word' id='word_1_162' title='bbox 1023 1294 1053 1320; x_wconf 84' lang='lat'>1.</span> <span class='ocrx_word' id='word_1_163' title='bbox 1094 1286 1156 1328; x_wconf 72' lang='lat'>4⁴,</span> <span class='ocrx_word' id='word_1_164' title='bbox 1185 1294 1198 1320; x_wconf 90' lang='lat'>1</span> <span class='ocrx_word' id='word_1_165' title='bbox 1237 1285 1369 1329; x_wconf 89' lang='lat' dir='ltr'>omisi,</span> <span class='ocrx_word' id='word_1_166' title='bbox 1413 1285 1503 1330; x_wconf 89' lang='lat' dir='ltr'>quia</span> <span class='ocrx_word' id='word_1_167' title='bbox 1543 1283 1591 1319; x_wconf 89' lang='lat' dir='ltr'>ad</span> <span class='ocrx_word' id='word_1_168' title='bbox 1630 1293 1763 1320; x_wconf 88' lang='lat' dir='ltr'>earum</span> <span class='ocrx_word' id='word_1_169' title='bbox 1800 1282 1940 1320; x_wconf 89' lang='lat' dir='ltr'>ductus</span> <span class='ocrx_word' id='word_1_170' title='bbox 1977 1294 2124 1331; x_wconf 79' lang='lat' dir='ltr'>cogno-</span> 
     </span>
     <span class='ocr_line' id='line_1_16' title="bbox 336 1351 2126 1399; baseline 0.001 -11"><span class='ocrx_word' id='word_1_171' title='bbox 336 1352 501 1388; x_wconf 87' lang='lat' dir='ltr'>scendos</span> <span class='ocrx_word' id='word_1_172' title='bbox 541 1351 716 1396; x_wconf 85' lang='lat' dir='ltr'>exempla</span> <span class='ocrx_word' id='word_1_173' title='bbox 761 1351 972 1398; x_wconf 85' lang='lat' dir='ltr'>phototypa</span> <span class='ocrx_word' id='word_1_174' title='bbox 1011 1352 1221 1397; x_wconf 80' lang='lat' dir='ltr'>sufficiunt;</span> <span class='ocrx_word' id='word_1_175' title='bbox 1258 1353 1426 1399; x_wconf 88' lang='lat' dir='ltr'>reliquas</span> <span class='ocrx_word' id='word_1_176' title='bbox 1465 1351 1670 1389; x_wconf 88' lang='lat' dir='ltr'>nonnullas</span> <span class='ocrx_word' id='word_1_177' title='bbox 1703 1352 1772 1388; x_wconf 80' lang='lat' dir='ltr'>hic</span> <span class='ocrx_word' id='word_1_178' title='bbox 1812 1352 1949 1399; x_wconf 89' lang='lat' dir='ltr'>repetii</span> <span class='ocrx_word' id='word_1_179' title='bbox 1986 1353 2126 1399; x_wconf 86' lang='lat' dir='ltr'>partim</span> 
     </span>
     <span class='ocr_line' id='line_1_17' title="bbox 335 1420 2125 1474; baseline 0 -17"><span class='ocrx_word' id='word_1_180' title='bbox 335 1424 563 1467; x_wconf 86' lang='lat' dir='ltr'>propterea,</span> <span class='ocrx_word' id='word_1_181' title='bbox 609 1420 714 1465; x_wconf 90' lang='lat' dir='ltr'>quod</span> <span class='ocrx_word' id='word_1_182' title='bbox 755 1420 930 1467; x_wconf 85' lang='lat' dir='ltr'>exempla</span> <span class='ocrx_word' id='word_1_183' title='bbox 969 1420 1165 1474; x_wconf 79' lang='lat' dir='ltr'>heliotypa</span> <span class='ocrx_word' id='word_1_184' title='bbox 1196 1421 1378 1457; x_wconf 86' lang='lat' dir='ltr'>evanidas</span> <span class='ocrx_word' id='word_1_185' title='bbox 1415 1421 1498 1456; x_wconf 89' lang='lat' dir='ltr'>illas</span> <span class='ocrx_word' id='word_1_186' title='bbox 1528 1420 1808 1467; x_wconf 87' lang='lat' dir='ltr'>inscriptiones,</span> <span class='ocrx_word' id='word_1_187' title='bbox 1843 1423 1887 1456; x_wconf 90' lang='lat' dir='ltr'>ut</span> <span class='ocrx_word' id='word_1_188' title='bbox 1917 1423 2125 1458; x_wconf 84' lang='lat' dir='ltr'>consenta-</span> 
     </span>
     <span class='ocr_line' id='line_1_18' title="bbox 335 1487 2124 1536; baseline -0.001 -11"><span class='ocrx_word' id='word_1_189' title='bbox 335 1499 451 1525; x_wconf 91' lang='lat' dir='ltr'>neum</span> <span class='ocrx_word' id='word_1_190' title='bbox 483 1492 555 1533; x_wconf 85' lang='lat' dir='ltr'>est,</span> <span class='ocrx_word' id='word_1_191' title='bbox 590 1489 717 1524; x_wconf 90' lang='lat' dir='ltr'>minus</span> <span class='ocrx_word' id='word_1_192' title='bbox 748 1488 850 1524; x_wconf 88' lang='lat' dir='ltr'>clare</span> <span class='ocrx_word' id='word_1_193' title='bbox 881 1487 1064 1525; x_wconf 81' lang='lat' dir='ltr'>exhibent</span> <span class='ocrx_word' id='word_1_194' title='bbox 1094 1492 1132 1525; x_wconf 91' lang='lat' dir='ltr'>et</span> <span class='ocrx_word' id='word_1_195' title='bbox 1152 1489 1366 1526; x_wconf 88' lang='lat' dir='ltr'>curandum</span> <span class='ocrx_word' id='word_1_196' title='bbox 1396 1489 1479 1534; x_wconf 86' lang='lat' dir='ltr'>fuit,</span> <span class='ocrx_word' id='word_1_197' title='bbox 1515 1491 1558 1525; x_wconf 89' lang='lat' dir='ltr'>ut</span> <span class='ocrx_word' id='word_1_198' title='bbox 1577 1488 1750 1525; x_wconf 88' lang='lat' dir='ltr'>lectionis</span> <span class='ocrx_word' id='word_1_199' title='bbox 1771 1499 1792 1524; x_wconf 92' lang='lat' dir='ltr'>a</span> <span class='ocrx_word' id='word_1_200' title='bbox 1817 1498 1882 1525; x_wconf 91' lang='lat' dir='ltr'>me</span> <span class='ocrx_word' id='word_1_201' title='bbox 1902 1489 2124 1536; x_wconf 81' lang='lat' dir='ltr'>propositae</span> 
     </span>
     <span class='ocr_line' id='line_1_19' title="bbox 333 1547 2227 1604; baseline 0 -11"><span class='ocrx_word' id='word_1_202' title='bbox 333 1557 556 1593; x_wconf 90' lang='lat' dir='ltr'>huiusmodi</span> <span class='ocrx_word' id='word_1_203' title='bbox 593 1557 855 1603; x_wconf 77' lang='lat' dir='ltr'>interpretatio</span> <span class='ocrx_word' id='word_1_204' title='bbox 893 1552 1186 1602; x_wconf 76' lang='lat' dir='ltr'>recognoscenti</span> <span class='ocrx_word' id='word_1_205' title='bbox 1221 1557 1498 1604; x_wconf 87' lang='lat' dir='ltr'>praeberetur;</span> <span class='ocrx_word' id='word_1_206' title='bbox 1553 1556 1742 1593; x_wconf 89' lang='lat' dir='ltr'>accedunt</span> <span class='ocrx_word' id='word_1_207' title='bbox 1780 1556 1967 1603; x_wconf 83' lang='lat' dir='ltr'>pauculae</span> <span class='ocrx_word' id='word_1_208' title='bbox 2007 1557 2120 1601; x_wconf 83' lang='lat' dir='ltr'>aliae,</span> <span class='ocrx_word' id='word_1_209' title='bbox 2189 1547 2227 1568; x_wconf 45' lang='lat'><em>³</em></span> 
     </span>
     <span class='ocr_line' id='line_1_20' title="bbox 335 1625 2120 1672; baseline 0.001 -11"><span class='ocrx_word' id='word_1_210' title='bbox 335 1636 499 1672; x_wconf 90' lang='lat' dir='ltr'>quarum</span> <span class='ocrx_word' id='word_1_211' title='bbox 539 1635 628 1662; x_wconf 91' lang='lat' dir='ltr'>cum</span> <span class='ocrx_word' id='word_1_212' title='bbox 664 1625 780 1661; x_wconf 90' lang='lat' dir='ltr'>lectio</span> <span class='ocrx_word' id='word_1_213' title='bbox 818 1629 969 1670; x_wconf 89' lang='lat' dir='ltr'>reperta</span> <span class='ocrx_word' id='word_1_214' title='bbox 1005 1625 1177 1662; x_wconf 91' lang='lat' dir='ltr'>nondum</span> <span class='ocrx_word' id='word_1_215' title='bbox 1214 1626 1262 1661; x_wconf 87' lang='lat' dir='ltr'>sit</span> <span class='ocrx_word' id='word_1_216' title='bbox 1292 1636 1336 1661; x_wconf 88' lang='lat' dir='ltr'>ac</span> <span class='ocrx_word' id='word_1_217' title='bbox 1372 1625 1531 1662; x_wconf 90' lang='lat' dir='ltr'>fortasse</span> <span class='ocrx_word' id='word_1_218' title='bbox 1561 1625 1724 1671; x_wconf 89' lang='lat' dir='ltr'>reperiri</span> <span class='ocrx_word' id='word_1_219' title='bbox 1754 1625 1910 1662; x_wconf 90' lang='lat' dir='ltr'>omnino</span> <span class='ocrx_word' id='word_1_220' title='bbox 1939 1629 2120 1671; x_wconf 84' lang='lat' dir='ltr'>nequeat,</span> 
     </span>
     <span class='ocr_line' id='line_1_21' title="bbox 333 1692 2057 1740; baseline 0.001 -11"><span class='ocrx_word' id='word_1_221' title='bbox 333 1694 508 1740; x_wconf 84' lang='lat' dir='ltr'>vestigia,</span> <span class='ocrx_word' id='word_1_222' title='bbox 545 1704 645 1740; x_wconf 88' lang='lat' dir='ltr'>quae</span> <span class='ocrx_word' id='word_1_223' title='bbox 675 1692 770 1729; x_wconf 90' lang='lat' dir='ltr'>mihi</span> <span class='ocrx_word' id='word_1_224' title='bbox 800 1696 951 1729; x_wconf 88' lang='lat' dir='ltr'>exstare</span> <span class='ocrx_word' id='word_1_225' title='bbox 973 1693 1166 1737; x_wconf 86' lang='lat' dir='ltr'>videntur,</span> <span class='ocrx_word' id='word_1_226' title='bbox 1202 1693 1464 1740; x_wconf 85' lang='lat' dir='ltr'>typographus</span> <span class='ocrx_word' id='word_1_227' title='bbox 1493 1696 1785 1738; x_wconf 86' lang='lat' dir='ltr'>repraesentare</span> <span class='ocrx_word' id='word_1_228' title='bbox 1815 1703 1893 1730; x_wconf 90' lang='lat' dir='ltr'>non</span> <span class='ocrx_word' id='word_1_229' title='bbox 1921 1694 2057 1739; x_wconf 86' lang='lat' dir='ltr'>possit.</span> 
     </span>
    </p>
   </div>
   <div class='ocr_carea' id='block_1_3' title="bbox 2187 0 2242 1577">
    <p class='ocr_par' dir='ltr' id='par_1_4' title="bbox 2187 0 2242 1577">
     <span class='ocr_line' id='line_1_22' title="bbox 2187 0 2242 1577; baseline 0 0"><span class='ocrx_word' id='word_1_230' title='bbox 2187 0 2242 1577; x_wconf 95' lang='lat' dir='ltr'> </span> 
     </span>
    </p>
   </div>
   <div class='ocr_carea' id='block_1_4' title="bbox 332 1949 2242 2686">
    <p class='ocr_par' dir='ltr' id='par_1_5' title="bbox 332 1949 2242 2697">
     <span class='ocr_line' id='line_1_23' title="bbox 449 1949 2126 2003; baseline 0 -13"><span class='ocrx_word' id='word_1_231' title='bbox 449 1955 490 1990; x_wconf 95' lang='lat' dir='ltr'>L.</span> <span class='ocrx_word' id='word_1_232' title='bbox 516 1954 656 1991; x_wconf 90' lang='lat' dir='ltr'>Marcio</span> <span class='ocrx_word' id='word_1_233' title='bbox 683 1954 857 2000; x_wconf 91' lang='lat' dir='ltr'>Philippo</span> <span class='ocrx_word' id='word_1_234' title='bbox 889 1953 976 1990; x_wconf 83' lang='lat' dir='ltr'>Sex.</span> <span class='ocrx_word' id='word_1_235' title='bbox 1003 1953 1097 1990; x_wconf 91' lang='lat' dir='ltr'>Iulio</span> <span class='ocrx_word' id='word_1_236' title='bbox 1119 1952 1280 1989; x_wconf 86' lang='lat' dir='ltr'>Caesare</span> <span class='ocrx_word' id='word_1_237' title='bbox 1311 1953 1536 1990; x_wconf 88' lang='lat' dir='ltr'>consulibus</span> <span class='ocrx_word' id='word_1_238' title='bbox 1573 1949 1620 2003; x_wconf 90' lang='lat' dir='ltr'>(a.</span> <span class='ocrx_word' id='word_1_239' title='bbox 1645 1964 1687 1990; x_wconf 93' lang='lat' dir='ltr'>u.</span> <span class='ocrx_word' id='word_1_240' title='bbox 1716 1949 1809 2003; x_wconf 83' lang='lat'>663)</span> <span class='ocrx_word' id='word_1_241' title='bbox 1846 1953 1979 2000; x_wconf 86' lang='lat' dir='ltr'>populi</span> <span class='ocrx_word' id='word_1_242' title='bbox 2007 1953 2126 1990; x_wconf 87' lang='lat' dir='ltr'>Italici</span> 
     </span>
     <span class='ocr_line' id='line_1_24' title="bbox 334 2017 2126 2073; baseline -0.002 -13"><span class='ocrx_word' id='word_1_243' title='bbox 334 2035 353 2060; x_wconf 86' lang='lat' dir='ltr'>a</span> <span class='ocrx_word' id='word_1_244' title='bbox 385 2024 566 2060; x_wconf 87' lang='lat' dir='ltr'>Romanis</span> <span class='ocrx_word' id='word_1_245' title='bbox 597 2017 863 2070; x_wconf 83' lang='lat' dir='ltr'>defecerunt1)</span> <span class='ocrx_word' id='word_1_246' title='bbox 909 2023 1015 2059; x_wconf 89' lang='lat' dir='ltr'>initio</span> <span class='ocrx_word' id='word_1_247' title='bbox 1051 2025 1154 2058; x_wconf 87' lang='lat' dir='ltr'>moto</span> <span class='ocrx_word' id='word_1_248' title='bbox 1195 2033 1216 2057; x_wconf 90' lang='lat' dir='ltr'>a</span> <span class='ocrx_word' id='word_1_249' title='bbox 1256 2021 1497 2073; x_wconf 80' lang='lat' dir='ltr'>Picentibus,</span> <span class='ocrx_word' id='word_1_250' title='bbox 1542 2023 1610 2067; x_wconf 90' lang='lat' dir='ltr'>qui</span> <span class='ocrx_word' id='word_1_251' title='bbox 1647 2021 1720 2059; x_wconf 88' lang='lat' dir='ltr'>sub</span> <span class='ocrx_word' id='word_1_252' title='bbox 1761 2022 1878 2058; x_wconf 89' lang='lat' dir='ltr'>finem</span> <span class='ocrx_word' id='word_1_253' title='bbox 1917 2022 2001 2058; x_wconf 91' lang='lat' dir='ltr'>eius</span> <span class='ocrx_word' id='word_1_254' title='bbox 2036 2022 2126 2059; x_wconf 90' lang='lat' dir='ltr'>anni</span> 
     </span>
     <span class='ocr_line' id='line_1_25' title="bbox 333 2090 2126 2143; baseline 0 -16"><span class='ocrx_word' id='word_1_255' title='bbox 333 2091 465 2128; x_wconf 89' lang='lat' dir='ltr'>Asculi</span> <span class='ocrx_word' id='word_1_256' title='bbox 496 2090 699 2143; x_wconf 84' lang='lat' dir='ltr'>Servilium</span> <span class='ocrx_word' id='word_1_257' title='bbox 735 2090 1007 2136; x_wconf 89' lang='lat' dir='ltr'>proconsulem</span> <span class='ocrx_word' id='word_1_258' title='bbox 1039 2101 1084 2126; x_wconf 87' lang='lat' dir='ltr'>ex</span> <span class='ocrx_word' id='word_1_259' title='bbox 1114 2093 1296 2136; x_wconf 88' lang='lat' dir='ltr'>praetura</span> <span class='ocrx_word' id='word_1_260' title='bbox 1335 2090 1495 2126; x_wconf 92' lang='lat' dir='ltr'>missum</span> <span class='ocrx_word' id='word_1_261' title='bbox 1524 2090 1803 2136; x_wconf 87' lang='lat' dir='ltr'>Fonteiumque</span> <span class='ocrx_word' id='word_1_262' title='bbox 1832 2090 2000 2136; x_wconf 86' lang='lat' dir='ltr'>legatum</span> <span class='ocrx_word' id='word_1_263' title='bbox 2036 2101 2126 2127; x_wconf 87' lang='lat' dir='ltr'>cum</span> 
     </span>
     <span class='ocr_line' id='line_1_26' title="bbox 335 2153 2197 2208; baseline -0.001 -12"><span class='ocrx_word' id='word_1_264' title='bbox 335 2159 530 2204; x_wconf 90' lang='lat' dir='ltr'>omnibus,</span> <span class='ocrx_word' id='word_1_265' title='bbox 557 2159 623 2205; x_wconf 89' lang='lat' dir='ltr'>qui</span> <span class='ocrx_word' id='word_1_266' title='bbox 654 2159 694 2194; x_wconf 91' lang='lat' dir='ltr'>in</span> <span class='ocrx_word' id='word_1_267' title='bbox 725 2169 771 2195; x_wconf 92' lang='lat' dir='ltr'>eo</span> <span class='ocrx_word' id='word_1_268' title='bbox 803 2159 944 2205; x_wconf 90' lang='lat' dir='ltr'>oppido</span> <span class='ocrx_word' id='word_1_269' title='bbox 976 2162 1056 2194; x_wconf 89' lang='lat' dir='ltr'>tum</span> <span class='ocrx_word' id='word_1_270' title='bbox 1087 2157 1261 2202; x_wconf 85' lang='lat' dir='ltr'>aderant,</span> <span class='ocrx_word' id='word_1_271' title='bbox 1297 2158 1447 2195; x_wconf 82' lang='lat' dir='ltr'>civibus</span> <span class='ocrx_word' id='word_1_272' title='bbox 1469 2159 1648 2195; x_wconf 86' lang='lat' dir='ltr'>Romanis</span> <span class='ocrx_word' id='word_1_273' title='bbox 1676 2157 1918 2195; x_wconf 90' lang='lat' dir='ltr'>trucidarunt</span> <span class='ocrx_word' id='word_1_274' title='bbox 1929 2153 1978 2208; x_wconf 85' lang='grc'>2).</span> <span class='ocrx_word' id='word_1_275' title='bbox 2025 2157 2126 2196; x_wconf 90' lang='lat' dir='ltr'>Socii</span> <span class='ocrx_word' id='word_1_276' title='bbox 2195 2164 2197 2168; x_wconf 63' lang='lat'><strong><em>⁴</em></strong></span> 
     </span>
     <span class='ocr_line' id='line_1_27' title="bbox 332 2226 2127 2274; baseline 0 -10"><span class='ocrx_word' id='word_1_277' title='bbox 332 2227 478 2264; x_wconf 88' lang='lat' dir='ltr'>Italiam</span> <span class='ocrx_word' id='word_1_278' title='bbox 518 2229 558 2263; x_wconf 91' lang='lat' dir='ltr'>in</span> <span class='ocrx_word' id='word_1_279' title='bbox 589 2227 684 2263; x_wconf 84' lang='lat' dir='ltr'>duas</span> <span class='ocrx_word' id='word_1_280' title='bbox 714 2231 844 2272; x_wconf 90' lang='lat' dir='ltr'>partes</span> <span class='ocrx_word' id='word_1_281' title='bbox 874 2227 1086 2263; x_wconf 87' lang='lat' dir='ltr'>diviserunt</span> <span class='ocrx_word' id='word_1_282' title='bbox 1126 2226 1429 2273; x_wconf 88' lang='lat' dir='ltr'>consulibusque</span> <span class='ocrx_word' id='word_1_283' title='bbox 1460 2226 1612 2264; x_wconf 91' lang='lat' dir='ltr'>duobus</span> <span class='ocrx_word' id='word_1_284' title='bbox 1649 2236 1737 2263; x_wconf 91' lang='lat' dir='ltr'>cum</span> <span class='ocrx_word' id='word_1_285' title='bbox 1768 2226 1972 2264; x_wconf 88' lang='lat' dir='ltr'>duodecim</span> <span class='ocrx_word' id='word_1_286' title='bbox 2008 2237 2127 2274; x_wconf 91' lang='lat' dir='ltr'>prae-</span> 
     </span>
     <span class='ocr_line' id='line_1_28' title="bbox 334 2294 2124 2342; baseline 0 -10"><span class='ocrx_word' id='word_1_287' title='bbox 334 2295 482 2332; x_wconf 91' lang='lat' dir='ltr'>toribus</span> <span class='ocrx_word' id='word_1_288' title='bbox 514 2298 652 2332; x_wconf 87' lang='lat' dir='ltr'>creatis</span> <span class='ocrx_word' id='word_1_289' title='bbox 692 2296 855 2332; x_wconf 88' lang='lat' dir='ltr'>alterum</span> <span class='ocrx_word' id='word_1_290' title='bbox 894 2296 1047 2332; x_wconf 91' lang='lat' dir='ltr'>illorum</span> <span class='ocrx_word' id='word_1_291' title='bbox 1076 2295 1117 2331; x_wconf 92' lang='lat' dir='ltr'>C.</span> <span class='ocrx_word' id='word_1_292' title='bbox 1143 2295 1300 2341; x_wconf 92' lang='lat' dir='ltr'>Papium</span> <span class='ocrx_word' id='word_1_293' title='bbox 1330 2295 1502 2331; x_wconf 89' lang='lat' dir='ltr'>Mutilum</span> <span class='ocrx_word' id='word_1_294' title='bbox 1540 2297 1640 2342; x_wconf 91' lang='lat' dir='ltr'>parti</span> <span class='ocrx_word' id='word_1_295' title='bbox 1671 2294 1924 2339; x_wconf 90' lang='lat' dir='ltr'>meridionali,</span> <span class='ocrx_word' id='word_1_296' title='bbox 1959 2294 2124 2332; x_wconf 89' lang='lat' dir='ltr'>alterum</span> 
     </span>
     <span class='ocr_line' id='line_1_29' title="bbox 335 2359 2134 2414; baseline 0 -14"><span class='ocrx_word' id='word_1_297' title='bbox 335 2364 381 2409; x_wconf 89' lang='lat' dir='ltr'>Q.</span> <span class='ocrx_word' id='word_1_298' title='bbox 409 2364 672 2411; x_wconf 89' lang='lat' dir='ltr'>Poppaedium</span> <span class='ocrx_word' id='word_1_299' title='bbox 685 2360 711 2414; x_wconf 87' lang='lat'>3)</span> <span class='ocrx_word' id='word_1_300' title='bbox 749 2363 918 2400; x_wconf 89' lang='lat' dir='ltr'>Silonem</span> <span class='ocrx_word' id='word_1_301' title='bbox 949 2363 1238 2410; x_wconf 88' lang='lat' dir='ltr'>septentrionali</span> <span class='ocrx_word' id='word_1_302' title='bbox 1269 2364 1539 2410; x_wconf 85' lang='lat' dir='ltr'>praefecerunt</span> <span class='ocrx_word' id='word_1_303' title='bbox 1550 2359 1600 2413; x_wconf 76' lang='grc'><strong>4).</strong></span> <span class='ocrx_word' id='word_1_304' title='bbox 1654 2364 1698 2399; x_wconf 91' lang='lat' dir='ltr'>In</span> <span class='ocrx_word' id='word_1_305' title='bbox 1727 2364 1901 2400; x_wconf 85' lang='lat' dir='ltr'>exercitu</span> <span class='ocrx_word' id='word_1_306' title='bbox 1930 2364 2134 2400; x_wconf 64' lang='lat' dir='ltr'>sociorum&gt;</span> 
     </span>
     <span class='ocr_line' id='line_1_30' title="bbox 334 2426 2242 2480; baseline 0.001 -12"><span class='ocrx_word' id='word_1_307' title='bbox 334 2436 491 2469; x_wconf 90' lang='lat' dir='ltr'>centum</span> <span class='ocrx_word' id='word_1_308' title='bbox 530 2432 633 2468; x_wconf 91' lang='lat' dir='ltr'>milia</span> <span class='ocrx_word' id='word_1_309' title='bbox 674 2432 847 2478; x_wconf 90' lang='lat' dir='ltr'>peditum</span> <span class='ocrx_word' id='word_1_310' title='bbox 887 2433 1140 2478; x_wconf 87' lang='lat' dir='ltr'>equitumque</span> <span class='ocrx_word' id='word_1_311' title='bbox 1177 2432 1296 2468; x_wconf 87' lang='lat' dir='ltr'>fuisse</span> <span class='ocrx_word' id='word_1_312' title='bbox 1334 2431 1560 2477; x_wconf 86' lang='lat' dir='ltr'>traduntur,</span> <span class='ocrx_word' id='word_1_313' title='bbox 1603 2431 1840 2477; x_wconf 89' lang='lat' dir='ltr'>totidemque</span> <span class='ocrx_word' id='word_1_314' title='bbox 1876 2432 1916 2467; x_wconf 91' lang='lat' dir='ltr'>in</span> <span class='ocrx_word' id='word_1_315' title='bbox 1954 2431 2124 2469; x_wconf 83' lang='lat' dir='ltr'>Romano</span> <span class='ocrx_word' id='word_1_316' title='bbox 2234 2426 2242 2480; x_wconf 64' lang='grc' dir='ltr'>Ξ</span> 
     </span>
     <span class='ocr_line' id='line_1_31' title="bbox 341 2481 2242 2556; baseline 0 -20"><span class='ocrx_word' id='word_1_317' title='bbox 341 2496 453 2550; x_wconf 87' lang='lat' dir='ltr'>(App.</span> <span class='ocrx_word' id='word_1_318' title='bbox 484 2503 519 2544; x_wconf 76' lang='lat' dir='ltr'>l,</span> <span class='ocrx_word' id='word_1_319' title='bbox 545 2495 630 2549; x_wconf 88' lang='lat'>39).</span> <span class='ocrx_word' id='word_1_320' title='bbox 696 2500 787 2536; x_wconf 89' lang='lat' dir='ltr'>Geri</span> <span class='ocrx_word' id='word_1_321' title='bbox 816 2503 944 2536; x_wconf 89' lang='lat' dir='ltr'>autem</span> <span class='ocrx_word' id='word_1_322' title='bbox 975 2503 1155 2546; x_wconf 89' lang='lat' dir='ltr'>coeptum</span> <span class='ocrx_word' id='word_1_323' title='bbox 1186 2502 1242 2535; x_wconf 90' lang='lat' dir='ltr'>est</span> <span class='ocrx_word' id='word_1_324' title='bbox 1272 2499 1418 2536; x_wconf 89' lang='lat' dir='ltr'>bellum</span> <span class='ocrx_word' id='word_1_325' title='bbox 1449 2509 1549 2536; x_wconf 87' lang='lat' dir='ltr'>anno</span> <span class='ocrx_word' id='word_1_326' title='bbox 1579 2500 1797 2545; x_wconf 87' lang='lat' dir='ltr'>insequenti</span> <span class='ocrx_word' id='word_1_327' title='bbox 1833 2494 1886 2549; x_wconf 90' lang='lat' dir='ltr'>(u.</span> <span class='ocrx_word' id='word_1_328' title='bbox 1913 2510 1948 2536; x_wconf 93' lang='lat' dir='ltr'>c.</span> <span class='ocrx_word' id='word_1_329' title='bbox 1977 2494 2070 2548; x_wconf 78' lang='lat'>664)</span> <span class='ocrx_word' id='word_1_330' title='bbox 2090 2496 2118 2550; x_wconf 80' lang='lat'>⁵)</span> <span class='ocrx_word' id='word_1_331' title='bbox 2235 2481 2242 2556; x_wconf 51' lang='lat' dir='ltr'>j</span> 
     </span>
     <span class='ocr_line' id='line_1_32' title="bbox 336 2566 2242 2613; baseline -0.001 -8"><span class='ocrx_word' id='word_1_332' title='bbox 336 2579 424 2605; x_wconf 89' lang='lat' dir='ltr'>cum</span> <span class='ocrx_word' id='word_1_333' title='bbox 455 2568 545 2605; x_wconf 89' lang='lat' dir='ltr'>alibi</span> <span class='ocrx_word' id='word_1_334' title='bbox 583 2567 632 2604; x_wconf 91' lang='lat' dir='ltr'>ab</span> <span class='ocrx_word' id='word_1_335' title='bbox 662 2568 746 2604; x_wconf 91' lang='lat' dir='ltr'>aliis</span> <span class='ocrx_word' id='word_1_336' title='bbox 775 2571 857 2603; x_wconf 90' lang='lat' dir='ltr'>tum</span> <span class='ocrx_word' id='word_1_337' title='bbox 887 2569 926 2603; x_wconf 94' lang='lat' dir='ltr'>in</span> <span class='ocrx_word' id='word_1_338' title='bbox 957 2567 1177 2604; x_wconf 90' lang='lat' dir='ltr'>Picentibus</span> <span class='ocrx_word' id='word_1_339' title='bbox 1216 2578 1237 2602; x_wconf 92' lang='lat' dir='ltr'>a</span> <span class='ocrx_word' id='word_1_340' title='bbox 1277 2567 1346 2603; x_wconf 92' lang='lat' dir='ltr'>Cn.</span> <span class='ocrx_word' id='word_1_341' title='bbox 1381 2568 1560 2612; x_wconf 87' lang='lat' dir='ltr'>Pompeio</span> <span class='ocrx_word' id='word_1_342' title='bbox 1591 2566 1778 2604; x_wconf 90' lang='lat' dir='ltr'>Strabone</span> <span class='ocrx_word' id='word_1_343' title='bbox 1808 2567 1850 2603; x_wconf 88' lang='lat' dir='ltr'>P.</span> <span class='ocrx_word' id='word_1_344' title='bbox 1885 2567 1999 2604; x_wconf 87' lang='lat' dir='ltr'>Rutili</span> <span class='ocrx_word' id='word_1_345' title='bbox 2029 2568 2123 2613; x_wconf 91' lang='lat' dir='ltr'>Lupi</span> <span class='ocrx_word' id='word_1_346' title='bbox 2217 2584 2242 2596; x_wconf 44' lang='grc' dir='ltr'>ἡ</span> 
     </span>
     <span class='ocr_line' id='line_1_33' title="bbox 336 2626 2242 2686; baseline -0.001 -13"><span class='ocrx_word' id='word_1_347' title='bbox 336 2637 506 2674; x_wconf 87' lang='lat' dir='ltr'>consulis</span> <span class='ocrx_word' id='word_1_348' title='bbox 535 2636 659 2682; x_wconf 89' lang='lat' dir='ltr'>legato</span> <span class='ocrx_word' id='word_1_349' title='bbox 673 2632 722 2686; x_wconf 79' lang='grc'>6).</span> <span class='ocrx_word' id='word_1_350' title='bbox 786 2637 821 2672; x_wconf 93' lang='lat' dir='ltr'>Is</span> <span class='ocrx_word' id='word_1_351' title='bbox 851 2637 975 2682; x_wconf 91' lang='lat' dir='ltr'>primo</span> <span class='ocrx_word' id='word_1_352' title='bbox 1006 2638 1131 2672; x_wconf 89' lang='lat' dir='ltr'>victus</span> <span class='ocrx_word' id='word_1_353' title='bbox 1161 2639 1219 2671; x_wconf 90' lang='lat' dir='ltr'>est</span> <span class='ocrx_word' id='word_1_354' title='bbox 1255 2631 1378 2684; x_wconf 92' lang='lat' dir='ltr'>(Oros.</span> <span class='ocrx_word' id='word_1_355' title='bbox 1409 2630 1431 2684; x_wconf 60' lang='grc' dir='ltr'>ξ</span> <span class='ocrx_word' id='word_1_356' title='bbox 1457 2630 1519 2685; x_wconf 80' lang='lat' dir='ltr'>lo)</span> <span class='ocrx_word' id='word_1_357' title='bbox 1556 2635 1605 2672; x_wconf 90' lang='lat' dir='ltr'>ab</span> <span class='ocrx_word' id='word_1_358' title='bbox 1638 2635 1679 2671; x_wconf 82' lang='lat' dir='ltr'>C.</span> <span class='ocrx_word' id='word_1_359' title='bbox 1703 2635 1886 2673; x_wconf 87' lang='lat' dir='ltr'>Vidacilio</span> <span class='ocrx_word' id='word_1_360' title='bbox 1899 2632 1947 2682; x_wconf 89' lang='lat'>⁷),</span> <span class='ocrx_word' id='word_1_361' title='bbox 1983 2636 2025 2672; x_wconf 95' lang='lat' dir='ltr'>T.</span> <span class='ocrx_word' id='word_1_362' title='bbox 2050 2636 2125 2672; x_wconf 89' lang='lat' dir='ltr'>La-</span> <span class='ocrx_word' id='word_1_363' title='bbox 2223 2626 2242 2683; x_wconf 65' lang='lat' dir='ltr'>J·</span> 
     </span>
    </p>
   </div>
   <div class='ocr_carea' id='block_1_5' title="bbox 2224 1928 2242 2426">
    <p class='ocr_par' dir='ltr' id='par_1_6' title="bbox 2224 1928 2242 2426">
     <span class='ocr_line' id='line_1_34' title="bbox 2224 1928 2242 2426; baseline 0 1350"><span class='ocrx_word' id='word_1_364' title='bbox 2224 1928 2242 2426; x_wconf 95' lang='lat' dir='ltr'> </span> 
     </span>
    </p>
   </div>
   <div class='ocr_carea' id='block_1_6' title="bbox 338 2725 612 2729">
    <p class='ocr_par' dir='ltr' id='par_1_7' title="bbox 338 2725 612 2729">
     <span class='ocr_line' id='line_1_35' title="bbox 338 2725 612 2729; baseline 0 0"><span class='ocrx_word' id='word_1_365' title='bbox 338 2725 612 2729; x_wconf 95' lang='lat' dir='ltr'> </span> 
     </span>
    </p>
   </div>
   <div class='ocr_carea' id='block_1_7' title="bbox 332 2778 2242 3448">
    <p class='ocr_par' dir='ltr' id='par_1_8' title="bbox 332 2778 2242 3448">
     <span class='ocr_line' id='line_1_36' title="bbox 427 2778 2124 2822; baseline 0.001 -12"><span class='ocrx_word' id='word_1_366' title='bbox 427 2780 457 2820; x_wconf 74' lang='lat'>4)</span> <span class='ocrx_word' id='word_1_367' title='bbox 488 2780 666 2812; x_wconf 85' lang='lat' dir='ltr'>Diodorus</span> <span class='ocrx_word' id='word_1_368' title='bbox 684 2782 725 2811; x_wconf 87' lang='lat'>37</span> <span class='ocrx_word' id='word_1_369' title='bbox 752 2788 807 2821; x_wconf 92' lang='lat' dir='ltr'>ap.</span> <span class='ocrx_word' id='word_1_370' title='bbox 837 2779 953 2818; x_wconf 88' lang='lat' dir='ltr'>Phot.‚</span> <span class='ocrx_word' id='word_1_371' title='bbox 981 2779 1107 2812; x_wconf 84' lang='lat' dir='ltr'>Strabo</span> <span class='ocrx_word' id='word_1_372' title='bbox 1132 2781 1150 2811; x_wconf 85' lang='lat'>5</span> <span class='ocrx_word' id='word_1_373' title='bbox 1178 2789 1212 2821; x_wconf 90' lang='lat' dir='ltr'>p.</span> <span class='ocrx_word' id='word_1_374' title='bbox 1233 2781 1312 2818; x_wconf 74' lang='lat'>244,</span> <span class='ocrx_word' id='word_1_375' title='bbox 1340 2779 1461 2812; x_wconf 89' lang='lat' dir='ltr'>Livius</span> <span class='ocrx_word' id='word_1_376' title='bbox 1485 2787 1561 2821; x_wconf 92' lang='lat' dir='ltr'>per.</span> <span class='ocrx_word' id='word_1_377' title='bbox 1583 2782 1623 2811; x_wconf 78' lang='lat'>72</span> <span class='ocrx_word' id='word_1_378' title='bbox 1644 2792 1686 2807; x_wconf 92' lang='lat'>=</span> <span class='ocrx_word' id='word_1_379' title='bbox 1707 2780 1807 2812; x_wconf 89' lang='lat' dir='ltr'>Oros.</span> <span class='ocrx_word' id='word_1_380' title='bbox 1828 2781 1860 2818; x_wconf 83' lang='lat'>5,</span> <span class='ocrx_word' id='word_1_381' title='bbox 1883 2781 1923 2811; x_wconf 73' lang='lat'>⁴8</span> <span class='ocrx_word' id='word_1_382' title='bbox 1943 2778 1960 2822; x_wconf 84' lang='lat'>§</span> <span class='ocrx_word' id='word_1_383' title='bbox 1978 2783 2010 2818; x_wconf 89' lang='lat'>8,</span> <span class='ocrx_word' id='word_1_384' title='bbox 2043 2779 2124 2812; x_wconf 90' lang='lat' dir='ltr'>Flo-</span> 
     </span>
     <span class='ocr_line' id='line_1_37' title="bbox 334 2837 977 2879; baseline 0.002 -11"><span class='ocrx_word' id='word_1_385' title='bbox 334 2846 396 2869; x_wconf 88' lang='lat' dir='ltr'>rus</span> <span class='ocrx_word' id='word_1_386' title='bbox 421 2839 455 2875; x_wconf 74' lang='lat'>2,</span> <span class='ocrx_word' id='word_1_387' title='bbox 477 2839 509 2875; x_wconf 91' lang='grc'>6,</span> <span class='ocrx_word' id='word_1_388' title='bbox 537 2837 686 2879; x_wconf 88' lang='lat' dir='ltr'>Appian.</span> <span class='ocrx_word' id='word_1_389' title='bbox 714 2837 750 2869; x_wconf 89' lang='lat' dir='ltr'>b.</span> <span class='ocrx_word' id='word_1_390' title='bbox 778 2837 845 2869; x_wconf 89' lang='lat' dir='ltr'>civ.</span> <span class='ocrx_word' id='word_1_391' title='bbox 869 2839 900 2875; x_wconf 76' lang='lat' dir='ltr'>l,</span> <span class='ocrx_word' id='word_1_392' title='bbox 922 2838 977 2869; x_wconf 87' lang='grc'><strong>39.</strong></span> 
     </span>
     <span class='ocr_line' id='line_1_38' title="bbox 427 2892 2242 2935; baseline 0.001 -11"><span class='ocrx_word' id='word_1_393' title='bbox 427 2894 456 2934; x_wconf 80' lang='lat'>2)</span> <span class='ocrx_word' id='word_1_394' title='bbox 488 2893 561 2925; x_wconf 88' lang='lat' dir='ltr'>Liv.</span> <span class='ocrx_word' id='word_1_395' title='bbox 589 2902 666 2935; x_wconf 89' lang='lat' dir='ltr'>per.</span> <span class='ocrx_word' id='word_1_396' title='bbox 695 2895 729 2926; x_wconf 88' lang='lat' dir='ltr'>et</span> <span class='ocrx_word' id='word_1_397' title='bbox 754 2894 870 2932; x_wconf 87' lang='lat' dir='ltr'>Oros.‚</span> <span class='ocrx_word' id='word_1_398' title='bbox 898 2894 987 2935; x_wconf 88' lang='lat' dir='ltr'>App.</span> <span class='ocrx_word' id='word_1_399' title='bbox 1017 2896 1048 2931; x_wconf 77' lang='grc'>4,</span> <span class='ocrx_word' id='word_1_400' title='bbox 1078 2896 1132 2925; x_wconf 88' lang='lat'>38.</span> <span class='ocrx_word' id='word_1_401' title='bbox 1161 2911 1206 2916; x_wconf 89' lang='lat'>—-</span> <span class='ocrx_word' id='word_1_402' title='bbox 1231 2893 1279 2925; x_wconf 91' lang='lat' dir='ltr'>De</span> <span class='ocrx_word' id='word_1_403' title='bbox 1305 2892 1454 2925; x_wconf 87' lang='lat' dir='ltr'>Servilio</span> <span class='ocrx_word' id='word_1_404' title='bbox 1487 2892 1532 2925; x_wconf 83' lang='lat' dir='ltr'>cf.</span> <span class='ocrx_word' id='word_1_405' title='bbox 1560 2894 1758 2925; x_wconf 89' lang='lat' dir='ltr'>Mommsen</span> <span class='ocrx_word' id='word_1_406' title='bbox 1784 2893 1999 2926; x_wconf 77' lang='lat' dir='ltr'>Staatsrecht</span> <span class='ocrx_word' id='word_1_407' title='bbox 2023 2893 2079 2926; x_wconf 88' lang='lat' dir='ltr'>ed.</span> <span class='ocrx_word' id='word_1_408' title='bbox 2100 2897 2119 2926; x_wconf 76' lang='lat'><strong>2</strong></span> <span class='ocrx_word' id='word_1_409' title='bbox 2232 2916 2242 2930; x_wconf 53' lang='lat'>2,</span> 
     </span>
     <span class='ocr_line' id='line_1_39' title="bbox 337 2938 2242 2993; baseline -0.001 -10"><span class='ocrx_word' id='word_1_410' title='bbox 337 2952 366 2983; x_wconf 84' lang='grc' dir='ltr'>ΙΙ</span> <span class='ocrx_word' id='word_1_411' title='bbox 385 2960 420 2993; x_wconf 87' lang='lat' dir='ltr'>p.</span> <span class='ocrx_word' id='word_1_412' title='bbox 443 2953 506 2981; x_wconf 74' lang='lat'>629</span> <span class='ocrx_word' id='word_1_413' title='bbox 533 2951 606 2982; x_wconf 84' lang='lat' dir='ltr'>not.</span> <span class='ocrx_word' id='word_1_414' title='bbox 628 2953 660 2982; x_wconf 79' lang='lat'>2.</span> <span class='ocrx_word' id='word_1_415' title='bbox 2221 2938 2242 2988; x_wconf 70' lang='grc' dir='ltr'>ζέ</span> 
     </span>
     <span class='ocr_line' id='line_1_40' title="bbox 427 2993 2242 3048; baseline 0.001 -10"><span class='ocrx_word' id='word_1_416' title='bbox 427 3009 458 3047; x_wconf 85' lang='grc'>3)</span> <span class='ocrx_word' id='word_1_417' title='bbox 487 3008 703 3048; x_wconf 76' lang='lat' dir='ltr'>Poppaedius</span> <span class='ocrx_word' id='word_1_418' title='bbox 734 3009 789 3039; x_wconf 89' lang='lat' dir='ltr'>est</span> <span class='ocrx_word' id='word_1_419' title='bbox 821 3008 858 3039; x_wconf 90' lang='lat' dir='ltr'>in</span> <span class='ocrx_word' id='word_1_420' title='bbox 885 3006 1078 3039; x_wconf 87' lang='lat' dir='ltr'>Periochae</span> <span class='ocrx_word' id='word_1_421' title='bbox 1112 3006 1238 3039; x_wconf 90' lang='lat' dir='ltr'>codice</span> <span class='ocrx_word' id='word_1_422' title='bbox 1262 3006 1480 3045; x_wconf 85' lang='lat' dir='ltr'>Nazariano,</span> <span class='ocrx_word' id='word_1_423' title='bbox 1518 3015 1631 3048; x_wconf 82' lang='lat' dir='ltr'>eaque</span> <span class='ocrx_word' id='word_1_424' title='bbox 1661 3005 1777 3039; x_wconf 79' lang='lat' dir='ltr'>forma</span> <span class='ocrx_word' id='word_1_425' title='bbox 1802 3005 2040 3039; x_wconf 78' lang='lat' dir='ltr'>confirmatur</span> <span class='ocrx_word' id='word_1_426' title='bbox 2063 3007 2121 3039; x_wconf 89' lang='lat' dir='ltr'>in-</span> <span class='ocrx_word' id='word_1_427' title='bbox 2222 2993 2242 3034; x_wconf 50' lang='lat' dir='ltr'>*i</span> 
     </span>
     <span class='ocr_line' id='line_1_41' title="bbox 333 3060 1844 3110; baseline -0.001 -13"><span class='ocrx_word' id='word_1_428' title='bbox 333 3064 611 3107; x_wconf 80' lang='lat' dir='ltr'>scriptionibus3</span> <span class='ocrx_word' id='word_1_429' title='bbox 642 3065 835 3105; x_wconf 77' lang='lat' dir='ltr'>Popaedius</span> <span class='ocrx_word' id='word_1_430' title='bbox 860 3064 1005 3096; x_wconf 89' lang='lat' dir='ltr'>Orosius</span> <span class='ocrx_word' id='word_1_431' title='bbox 1031 3065 1067 3095; x_wconf 91' lang='lat' dir='ltr'>et</span> <span class='ocrx_word' id='word_1_432' title='bbox 1091 3063 1262 3102; x_wconf 90' lang='lat' dir='ltr'>Velleius,</span> <span class='ocrx_word' id='word_1_433' title='bbox 1289 3060 1497 3107; x_wconf 82' lang='grc' dir='ltr'>Πομπαίδιος</span> <span class='ocrx_word' id='word_1_434' title='bbox 1522 3063 1667 3110; x_wconf 77' lang='lat' dir='ltr'>Diodor.</span> <span class='ocrx_word' id='word_1_435' title='bbox 1695 3064 1730 3096; x_wconf 89' lang='lat' dir='ltr'>et</span> <span class='ocrx_word' id='word_1_436' title='bbox 1754 3063 1844 3106; x_wconf 88' lang='lat' dir='ltr'>App.</span> 
     </span>
     <span class='ocr_line' id='line_1_42' title="bbox 427 3120 2213 3163; baseline -0.001 -11"><span class='ocrx_word' id='word_1_437' title='bbox 427 3122 457 3162; x_wconf 74' lang='lat'>4)</span> <span class='ocrx_word' id='word_1_438' title='bbox 486 3121 632 3154; x_wconf 90' lang='lat' dir='ltr'>Diodor.</span> <span class='ocrx_word' id='word_1_439' title='bbox 661 3130 738 3154; x_wconf 82' lang='lat' dir='ltr'>exc.</span> <span class='ocrx_word' id='word_1_440' title='bbox 766 3121 866 3153; x_wconf 87' lang='lat' dir='ltr'>Phot.</span> <span class='ocrx_word' id='word_1_441' title='bbox 894 3130 928 3162; x_wconf 92' lang='lat' dir='ltr'>p.</span> <span class='ocrx_word' id='word_1_442' title='bbox 953 3123 1017 3153; x_wconf 85' lang='lat'>539</span> <span class='ocrx_word' id='word_1_443' title='bbox 1043 3120 1161 3152; x_wconf 91' lang='lat' dir='ltr'>Wess.</span> <span class='ocrx_word' id='word_1_444' title='bbox 2210 3157 2213 3163; x_wconf 90' lang='lat'>..</span> 
     </span>
     <span class='ocr_line' id='line_1_43' title="bbox 426 3171 2242 3224; baseline 0 -15"><span class='ocrx_word' id='word_1_445' title='bbox 426 3178 457 3216; x_wconf 86' lang='lat'>5)</span> <span class='ocrx_word' id='word_1_446' title='bbox 485 3179 600 3217; x_wconf 89' lang='lat' dir='ltr'>Quare</span> <span class='ocrx_word' id='word_1_447' title='bbox 635 3178 720 3211; x_wconf 92' lang='lat' dir='ltr'>huic</span> <span class='ocrx_word' id='word_1_448' title='bbox 753 3187 846 3222; x_wconf 89' lang='lat' dir='ltr'>anno</span> <span class='ocrx_word' id='word_1_449' title='bbox 879 3178 1097 3219; x_wconf 88' lang='lat' dir='ltr'>principium</span> <span class='ocrx_word' id='word_1_450' title='bbox 1127 3176 1211 3209; x_wconf 89' lang='lat' dir='ltr'>belli</span> <span class='ocrx_word' id='word_1_451' title='bbox 1243 3176 1454 3210; x_wconf 89' lang='lat' dir='ltr'>adscribunt</span> <span class='ocrx_word' id='word_1_452' title='bbox 1488 3176 1568 3209; x_wconf 83' lang='lat' dir='ltr'>fasti</span> <span class='ocrx_word' id='word_1_453' title='bbox 1592 3176 1782 3219; x_wconf 87' lang='lat' dir='ltr'>Capitolini</span> <span class='ocrx_word' id='word_1_454' title='bbox 1819 3175 1873 3217; x_wconf 82' lang='lat' dir='ltr'>(cf.</span> <span class='ocrx_word' id='word_1_455' title='bbox 1895 3176 2047 3219; x_wconf 88' lang='lat' dir='ltr'>Ephem.</span> <span class='ocrx_word' id='word_1_456' title='bbox 2075 3177 2120 3209; x_wconf 90' lang='lat' dir='ltr'>IV</span> <span class='ocrx_word' id='word_1_457' title='bbox 2212 3171 2242 3224; x_wconf 49' lang='lat'>{3-</span> 
     </span>
     <span class='ocr_line' id='line_1_44' title="bbox 332 3233 2242 3278; baseline -0.003 -11"><span class='ocrx_word' id='word_1_458' title='bbox 332 3246 366 3278; x_wconf 89' lang='lat' dir='ltr'>p.</span> <span class='ocrx_word' id='word_1_459' title='bbox 389 3236 482 3274; x_wconf 76' lang='lat'><strong>254),</strong></span> <span class='ocrx_word' id='word_1_460' title='bbox 512 3235 603 3269; x_wconf 86' lang='lat' dir='ltr'>Vell.</span> <span class='ocrx_word' id='word_1_461' title='bbox 625 3238 657 3274; x_wconf 82' lang='lat'>2,</span> <span class='ocrx_word' id='word_1_462' title='bbox 679 3238 733 3276; x_wconf 74' lang='lat'>45,</span> <span class='ocrx_word' id='word_1_463' title='bbox 762 3235 898 3267; x_wconf 89' lang='lat' dir='ltr'>Plinius</span> <span class='ocrx_word' id='word_1_464' title='bbox 924 3244 958 3268; x_wconf 93' lang='lat' dir='ltr'>n.</span> <span class='ocrx_word' id='word_1_465' title='bbox 979 3234 1016 3266; x_wconf 89' lang='lat' dir='ltr'>h.</span> <span class='ocrx_word' id='word_1_466' title='bbox 1036 3236 1054 3265; x_wconf 80' lang='lat'><strong>2</strong></span> <span class='ocrx_word' id='word_1_467' title='bbox 1081 3233 1096 3276; x_wconf 85' lang='lat'><strong>§</strong></span> <span class='ocrx_word' id='word_1_468' title='bbox 1116 3236 1192 3266; x_wconf 73' lang='grc'>499,</span> <span class='ocrx_word' id='word_1_469' title='bbox 2234 3265 2242 3270; x_wconf 53' lang='lat'><strong>,</strong></span> 
     </span>
     <span class='ocr_line' id='line_1_45' title="bbox 426 3282 2242 3334; baseline -0.003 -10"><span class='ocrx_word' id='word_1_470' title='bbox 426 3293 456 3331; x_wconf 82' lang='lat'>6)</span> <span class='ocrx_word' id='word_1_471' title='bbox 487 3293 588 3325; x_wconf 83' lang='lat' dir='ltr'>oros.</span> <span class='ocrx_word' id='word_1_472' title='bbox 609 3294 641 3331; x_wconf 80' lang='lat'>5,</span> <span class='ocrx_word' id='word_1_473' title='bbox 665 3295 705 3324; x_wconf 71' lang='lat'>⁴8</span> <span class='ocrx_word' id='word_1_474' title='bbox 731 3291 827 3334; x_wconf 76' lang='lat'>§⁴03</span> <span class='ocrx_word' id='word_1_475' title='bbox 856 3292 945 3334; x_wconf 89' lang='lat' dir='ltr'>App.</span> <span class='ocrx_word' id='word_1_476' title='bbox 968 3294 1000 3331; x_wconf 73' lang='lat'>⁴,</span> <span class='ocrx_word' id='word_1_477' title='bbox 1021 3293 1075 3323; x_wconf 74' lang='lat'>¹¹00.</span> <span class='ocrx_word' id='word_1_478' title='bbox 2221 3282 2242 3322; x_wconf 63' lang='lat' dir='ltr'>:l</span> 
     </span>
     <span class='ocr_line' id='line_1_46' title="bbox 426 3343 2117 3389; baseline -0.002 -8"><span class='ocrx_word' id='word_1_479' title='bbox 426 3351 457 3387; x_wconf 85' lang='lat'>7)</span> <span class='ocrx_word' id='word_1_480' title='bbox 487 3350 544 3381; x_wconf 92' lang='lat' dir='ltr'>Sic</span> <span class='ocrx_word' id='word_1_481' title='bbox 580 3349 663 3389; x_wconf 89' lang='lat' dir='ltr'>(non</span> <span class='ocrx_word' id='word_1_482' title='bbox 696 3348 893 3388; x_wconf 77' lang='lat' dir='ltr'>Iudacilius)</span> <span class='ocrx_word' id='word_1_483' title='bbox 931 3348 1045 3381; x_wconf 91' lang='lat' dir='ltr'>Orosii</span> <span class='ocrx_word' id='word_1_484' title='bbox 1079 3347 1244 3386; x_wconf 75' lang='lat' dir='ltr'>codices3</span> <span class='ocrx_word' id='word_1_485' title='bbox 1282 3343 1377 3379; x_wconf 80' lang='grc' dir='ltr'><strong>οὐαδ.</strong></span> <span class='ocrx_word' id='word_1_486' title='bbox 1405 3346 1557 3389; x_wconf 89' lang='lat' dir='ltr'>Appiani</span> <span class='ocrx_word' id='word_1_487' title='bbox 1585 3349 1616 3386; x_wconf 74' lang='lat'>4,</span> <span class='ocrx_word' id='word_1_488' title='bbox 1639 3348 1678 3379; x_wconf 74' lang='lat'>40</span> <span class='ocrx_word' id='word_1_489' title='bbox 1714 3346 1857 3380; x_wconf 90' lang='lat' dir='ltr'>codices</span> <span class='ocrx_word' id='word_1_490' title='bbox 1890 3346 2028 3389; x_wconf 90' lang='lat' dir='ltr'>optimi.</span> <span class='ocrx_word' id='word_1_491' title='bbox 2079 3348 2117 3378; x_wconf 85' lang='lat' dir='ltr'>ln</span> 
     </span>
     <span class='ocr_line' id='line_1_47' title="bbox 335 3403 1567 3448; baseline 0 -11"><span class='ocrx_word' id='word_1_492' title='bbox 335 3405 438 3438; x_wconf 82' lang='lat' dir='ltr'>titulo</span> <span class='ocrx_word' id='word_1_493' title='bbox 463 3406 568 3448; x_wconf 89' lang='lat' dir='ltr'>Corp.</span> <span class='ocrx_word' id='word_1_494' title='bbox 595 3406 666 3438; x_wconf 93' lang='lat' dir='ltr'>vol.</span> <span class='ocrx_word' id='word_1_495' title='bbox 687 3407 735 3438; x_wconf 92' lang='lat' dir='ltr'>IX</span> <span class='ocrx_word' id='word_1_496' title='bbox 759 3415 794 3438; x_wconf 89' lang='lat' dir='ltr'>n.</span> <span class='ocrx_word' id='word_1_497' title='bbox 815 3407 903 3438; x_wconf 68' lang='lat'>5426</span> <span class='ocrx_word' id='word_1_498' title='bbox 929 3405 1083 3437; x_wconf 86' lang='lat' dir='ltr'>habetur</span> <span class='ocrx_word' id='word_1_499' title='bbox 1107 3412 1307 3446; x_wconf 84' lang='lat' dir='ltr'>cognomen</span> <span class='ocrx_word' id='word_1_500' title='bbox 1332 3403 1567 3441; x_wconf 85' lang='lat' dir='ltr'>QuidaciliuS.</span> 
     </span>
    </p>
   </div>
  </div>
 </body>
</html>
