2242 3776
646 950 1206 1040 GLANDES
1283 949 1841 1036 SPVRIAE.

351 1144 555 1225 Primum
581 1198 694 1230 genus
712 1187 880 1230 (vt—49*
904 1197 946 1220 ae
971 1187 1122 1220 fortasse
1143 1190 1183 1220 49
1196 1185 1249 1229 a*)
1276 1190 1330 1220 est
1345 1196 1483 1227 earum,
1510 1195 1603 1229 quae
1620 1187 1755 1220 Minicii
1780 1188 1895 1220 aetate
1919 1170 2133 1230 prodierunt

351 1249 386 1279 et
409 1247 482 1279 huc
506 1255 619 1288 usque
644 1245 842 1278 editoribus
868 1245 1074 1285 (novissime
1100 1245 1306 1286 Garruccio)
1334 1245 1598 1287 imposuerunt,
1626 1244 1693 1277 nisi
1719 1244 1816 1286 quod
1841 1254 1925 1287 pars
1949 1253 2013 1285 ea,
2039 1253 2132 1286 quae

349 1303 395 1336 ad
412 1303 568 1344 legiones
586 1304 736 1344 spectat,
756 1310 777 1334 a
793 1302 1015 1334 Mommseno
1034 1303 1080 1341 et,
1108 1301 1145 1333 id
1162 1301 1260 1342 quod
1279 1310 1394 1343 nuper
1409 1301 1557 1333 demum
1579 1300 1785 1341 didicimus,
1814 1302 1886 1333 iam
1903 1310 1924 1334 a
1940 1299 2133 1344 Borghesio
2197 1313 2202 1318 ·

349 1369 442 1393 anno
462 1361 548 1392 4836
566 1360 603 1392 in
628 1359 872 1401 suspicionem
890 1360 1018 1391 vocata
1043 1359 1130 1391 erat.
1179 1358 1252 1400 Ego
1271 1366 1355 1390 cum
1379 1358 1539 1400 primum
1556 1366 1650 1390 anno
1669 1360 1756 1391 4877
1775 1359 1891 1391 musei
1909 1357 2132 1391 Kircheriani

348 1418 536 1450 thesauros
561 1419 648 1449 tunc
671 1417 743 1449 iam
766 1417 851 1449 usui
875 1416 1060 1448 communi
1093 1415 1283 1448 commode
1307 1416 1488 1457 expositos
1520 1416 1555 1447 et
1577 1415 1744 1457 Ruggieri
1768 1423 1855 1448 cura
1879 1415 2036 1457 digestos
2059 1415 2132 1449 adii

349 1476 383 1506 et
408 1473 555 1516 glandes
579 1473 796 1515 perlustrare
822 1474 937 1515 coepi,
965 1473 1000 1504 in
1026 1481 1150 1505 earum
1176 1481 1325 1505 numero
1351 1473 1472 1505 statim
1497 1472 1623 1504 oculos
1648 1471 1798 1505 offendit
1813 1472 1925 1505 series
1946 1471 2131 1514 glandium

352 1530 455 1563 4*-4
465 1529 508 1564 8*
533 1531 626 1563 inter
654 1539 692 1563 se
717 1530 984 1562 simillimarum
1012 1531 1047 1562 et
1071 1529 1222 1562 eandem
1240 1528 1420 1562 officinam
1437 1528 1690 1571 prodentium,
1718 1529 1782 1562 sed
1808 1529 1928 1572 specie
1953 1530 2097 1563 externa
2113 1538 2134 1563 a

349 1589 524 1630 genuinis,
552 1596 642 1629 quas
659 1587 792 1620 multas
809 1589 894 1619 tunc
911 1587 981 1619 iam
998 1586 1174 1625 videram,
1195 1586 1299 1628 longe
1318 1587 1538 1619 distantium.
1575 1587 1719 1618 Praeter
1742 1586 1807 1619 has
1823 1589 1949 1629 postea
1965 1587 2133 1633 Perusiae

348 1646 469 1678 inveni
494 1645 596 1685 duaS,
633 1653 787 1686 quarum
811 1652 920 1676 unam
942 1653 978 1676 n.
1000 1641 1064 1675 49*
1089 1643 1252 1676 eiusdem
1279 1644 1421 1685 generis
1448 1652 1527 1676 esse
1551 1643 1639 1675 mihi
1664 1644 1815 1684 constat,
1844 1642 1957 1676 altera
1981 1651 2017 1676 n.
2038 1641 2132 1676 wa*

347 1702 491 1734 videtur
508 1709 598 1734 esse.
635 1701 748 1734 Fusae
765 1702 850 1733 sunt
867 1700 1014 1742 quidem
1031 1701 1126 1733 sicut
1141 1701 1328 1742 antiquae,
1349 1699 1412 1732 sed
1430 1700 1569 1734 litterae
1587 1701 1707 1741 postea
1725 1699 1871 1732 additae
1886 1701 1970 1733 sunt
1987 1708 2134 1742 earum—

347 1767 417 1800 que
441 1759 564 1791 hastae
590 1759 638 1791 ita
656 1758 828 1797 eminent,
847 1759 888 1790 ut
903 1757 1019 1790 cultro
1039 1758 1202 1790 exsectas
1219 1766 1298 1790 esse
1314 1758 1495 1807 appareat.
1522 1756 1706 1798 Robiginis
1722 1755 1857 1789 habent
1875 1765 1947 1789 non
1965 1757 2132 1797 multum,

347 1817 396 1848 ita
419 1818 460 1847 ut
484 1824 528 1848 ex
553 1824 594 1847 ea
618 1823 657 1846 re
683 1815 719 1846 in
745 1816 910 1846 neutram
929 1815 1068 1855 partem
1094 1815 1182 1847 certi
1207 1814 1344 1855 aliquid
1362 1813 1531 1847 concludi
1549 1814 1680 1856 possit;
1711 1814 1869 1846 attamen
1893 1813 1963 1846 hoc
1978 1814 2132 1854 constat,

348 1874 385 1904 in
411 1872 508 1904 nulla
533 1872 661 1904 harum
686 1871 871 1913 glandium
895 1871 1097 1913 robiginem
1122 1873 1261 1904 exstare
1286 1871 1412 1911 talem,
1451 1871 1568 1913 qualis
1594 1871 1665 1903 situ
1695 1870 1866 1903 diuturno
1891 1872 2075 1904 excrescat
2098 1864 2148 1904 et=

346 1929 509 1962 falsitatis
542 1929 783 1971 suspicionem
810 1928 991 1961 excludat.
1025 1946 1071 1952 —
1100 1929 1189 1961 Item
1213 1928 1412 1961 litterarum
1446 1928 1597 1968 formae,
1631 1936 1724 1970 quae
1761 1928 1949 1960 imitantur
1976 1927 2133 1970 quadam

347 1988 451 2019 tenus
476 1986 561 2019 belli
579 1985 719 2018 socialis
737 1984 885 2026 glandes
902 1985 1112 2025 Asculanas,
1141 1984 1246 2027 plane
1264 1987 1402 2018 certum
1428 1983 1564 2017 fraudis
1580 1985 1833 2025 argumentum
1850 1992 1922 2017 non
1942 1983 2130 2025 praebent,

346 2043 488 2076 tametsi
513 2043 753 2084 suspicionem
780 2043 927 2074 movent
960 2051 995 2073 n.
1013 2040 1056 2073 6*
1074 2041 1239 2082 (maxime
1265 2041 1319 2081 M,
1352 2041 1478 2083 quales
1503 2049 1589 2078 sane
1616 2042 1651 2072 in
1677 2042 1837 2073 nummis
1860 2041 2001 2083 angusti
2026 2041 2131 2083 spatii

348 2100 407 2132 hic
437 2099 510 2132 illic
540 2099 782 2139 inveniuntur)
817 2101 852 2131 et
884 2098 911 2130 G
944 2099 979 2130 in
1012 2096 1123 2138 n.9*,
1157 2098 1289 2139 quibus
1321 2098 1414 2131 adde
1446 2100 1623 2140 punctum
1658 2099 1694 2130 in
1719 2106 1755 2130 n.
1776 2095 1818 2129 6*
1841 2099 2001 2131 extrema
2028 2099 2131 2140 parte

346 2157 498 2189 adversa
522 2156 691 2197 positum.
719 2172 760 2178 —
786 2155 855 2188 Sed
879 2155 1061 2187 accedunt
1084 2155 1155 2187 alia
1179 2155 1331 2194 indicia,
1367 2164 1459 2197 quae
1484 2155 1615 2187 malam
1640 2154 1749 2187 fidem
1772 2162 1922 2197 prorsus
1946 2156 2127 2188 evincant.

350 2213 543 2246 Glandium
569 2221 601 2244 n.
626 2208 680 2244 4*.
698 2211 753 2244 7*.
773 2209 826 2244 9*.
849 2210 928 2245 40*.
952 2210 1029 2244 43*.
1051 2211 1116 2243 49*
1133 2211 1323 2254 plumbum
1341 2211 1493 2243 informe
1519 2213 1574 2243 est
1599 2212 1692 2243 sicut
1712 2211 1747 2243 in
1772 2211 1937 2252 genuinis
1961 2211 2134 2257 mutilatis

349 2272 385 2303 et
402 2272 523 2302 tamen
540 2270 725 2311 inscriptio
744 2270 879 2310 integra
897 2270 1031 2307 exstat3
1060 2271 1183 2301 contra
1201 2269 1331 2301 harum
1357 2278 1390 2301 n.
1408 2265 1462 2300 3*.
1491 2266 1547 2301 5*.
1578 2265 1642 2300 ⁴4*
1665 2266 1857 2310 plumbum
1882 2275 1967 2300 cum
1991 2267 2131 2310 glandis

349 2327 502 2359 formam
528 2328 562 2358 et
586 2327 835 2366 symmetriam
868 2326 1010 2367 plenam
1044 2325 1230 2366 exhibeat,
1267 2327 1454 2368 inscriptio
1479 2334 1608 2358 manca
1633 2327 1698 2358 est.
1748 2325 1910 2364 Quorum
1935 2325 2130 2367 utrumque

349 2385 385 2415 in
411 2384 565 2424 genuina
589 2382 717 2424 glande
742 2381 874 2415 factum
899 2384 953 2415 est
978 2383 1094 2423 nulla,
1131 2384 1167 2415 in
1193 2384 1325 2425 spuriis
1350 2385 1471 2416 autem
1496 2382 1601 2415 facile
1625 2381 1835 2424 explicatur.
1884 2381 2011 2424 Atqui,
2047 2388 2132 2415 cum

349 2440 438 2472 haec
462 2440 573 2472 series
597 2449 705 2471 unam
730 2442 836 2481 atque
861 2439 1014 2472 eandem
1039 2439 1221 2473 officinam
1245 2440 1433 2473 manifeste
1458 2440 1596 2482 prodat,
1624 2440 1680 2473 vel
1698 2439 1744 2472 ob
1768 2439 1838 2472 hoc
1853 2438 1972 2471 solum
1991 2440 2133 2473 ceterae

351 2505 494 2538 quoque
519 2505 591 2528 non
609 2497 729 2528 minus
746 2505 852 2537 quam
878 2505 1008 2528 novem
1034 2497 1115 2529 illae
1141 2497 1438 2530 condemnandae
1464 2499 1558 2530 sunt.
1576 2515 1622 2520 —
1639 2496 1775 2529 Deinde
1792 2495 1839 2528 ad
1855 2493 2133 2539 inscriptionum

351 2553 509 2594 ipsarum
535 2553 694 2585 indolem
712 2553 987 2585 examinandam
1013 2562 1225 2595 progressus
1250 2563 1342 2587 sum.
1400 2554 1539 2592 Quibus
1563 2554 1771 2596 compositis
1795 2553 1830 2585 et
1853 2553 1946 2585 inter
1970 2561 2008 2586 se
2033 2562 2134 2586 com-

352 2610 485 2652 paratis
519 2609 676 2642 intellexi
705 2618 777 2642 una
810 2611 957 2650 excepta
984 2619 1018 2641 n.
1041 2609 1082 2640 2*
1108 2611 1192 2649 Ital,
1229 2620 1321 2652 quae
1354 2612 1430 2653 ipsa
1470 2613 1590 2653 speeie
1622 2613 1769 2643 externa
1801 2608 1967 2642 fraudem
1997 2610 2131 2652 prodit,

352 2666 487 2699 nullam
513 2667 546 2698 in
566 2666 719 2707 genuina
743 2666 872 2707 glande
898 2666 1082 2708 hueusque
1108 2667 1249 2708 lectam,
1279 2668 1485 2710 complures
1510 2670 1629 2701 autem
1655 2669 1700 2700 ita
1726 2668 1952 2708 comparatas
1976 2675 2066 2708 esse,
2094 2669 2135 2700 ut

352 2732 416 2766 per
433 2732 471 2756 se
494 2732 672 2756 summam
691 2724 932 2766 suspicionem
951 2726 1136 2757 moverent
1151 2725 1209 2757 vel
1233 2733 1383 2767 prorsus
1404 2726 1630 2758 damnandae
1655 2725 1787 2758 essent.
1836 2722 2031 2756 Videamus
2056 2723 2134 2756 sin-

353 2780 465 2821 gulas.
516 2780 619 2818 Quod
644 2781 680 2812 in
706 2790 741 2813 n.
762 2779 828 2812 47*
853 2782 988 2821 exstat,
1024 2781 1110 2822 feri,
1154 2781 1281 2822 legitur
1311 2783 1457 2824 quidem
1482 2784 1519 2815 in
1552 2783 1717 2824 genuinis
1749 2779 1892 2820 multiS,
1935 2788 2134 2822 numquam

352 2838 472 2869 tamen
498 2845 569 2868 non
601 2836 722 2869 addito
755 2838 964 2870 accusativo
997 2838 1072 2879 (feri
1097 2839 1296 2879 Pompeium
1319 2848 1354 2873 n.
1378 2842 1414 2879 9,
1448 2840 1516 2881 feri
1541 2840 1612 2872 Pie.
1641 2849 1676 2872 n.
1699 2840 1770 2879 ⁴2).
1829 2837 1974 2870 Ceterae
2007 2845 2133 2885 omnes

352 2893 607 2935 inscriptiones
631 2894 752 2926 adhuc
778 2903 847 2926 non
873 2896 1036 2937 repertae
1066 2898 1151 2928 sunt
1174 2897 1242 2928 nisi
1276 2897 1311 2928 in
1337 2897 1401 2939 his¹
1425 2896 1691 2939 exemplaribus
1723 2892 1976 2937 singularibus.
2034 2893 2130 2932 Qua-

354 2958 436 2981 rum
452 2950 567 2992 prima
596 2958 627 2981 n.
650 2947 692 2980 4*
718 2951 824 2983 Roma
849 2951 997 2992 repetita
1023 2953 1077 2983 est
1094 2961 1136 2984 ex
1155 2951 1241 2984 falsa
1260 2952 1411 2985 lectione
1429 2953 1566 2994 glandis
1586 2953 1783 2985 Asculanae
1797 2960 1862 2993 pro
1895 2959 1904 2985 Ι
1916 2958 2000 2987 OM?
2040 2952 2131 2994 (vide

352 3006 396 3038 ad
421 3015 457 3039 n.
479 3009 497 3038 9
523 3015 557 3049 p.
579 3006 649 3047 22).
699 3007 781 3040 Non
808 3007 968 3040 melioris
992 3007 1084 3050 frugi
1109 3010 1163 3041 est
1185 3009 1310 3051 heptas
1334 3010 1438 3043 haec:

558 3074 674 3115 lamio)
702 3075 738 3106 II
759 3075 909 3115 Ital(ica)
937 3075 977 3107 4*

557 3132 673 3172 Hegio)
699 3132 735 3163 ΙΙ
757 3133 905 3172 Ital(ica)
932 3130 975 3164 5*

557 3189 644 3229 legio
674 3188 703 3221 V
723 3189 975 3229 M(acedonica)
997 3191 1090 3230 mia)
1112 3190 1230 3231 selam)
1258 3189 1298 3220 6*

558 3245 672 3286 lamio)
706 3246 747 3277 VI
769 3246 935 3286 f(errata)
955 3245 1005 3277 9*

557 3302 673 3342 Hegio)
702 3303 772 3334 XII
790 3303 1006 3343 ful(minata)
1034 3303 1098 3335 40*

559 3359 675 3399 Hegio)
703 3360 820 3392 XVIII
837 3361 971 3402 simma)
999 3359 1063 3391 44*

559 3416 677 3457 Hegio)
705 3417 807 3448 XXX
836 3418 961 3458 V(lpia)
986 3419 1144 3457 v(ictrix,¹
1175 3418 1237 3449 r12³¹*
