2242 3776
407 278 470 324 44
1041 288 1250 321 GLANDES
1274 289 1546 322 ASOVLANAE

404 423 520 459 habet
550 426 587 458 et
616 422 655 456 in
684 424 770 457 octo
800 429 909 455 areas
939 418 1060 453 divisa
1090 421 1168 461 est3
1209 419 1248 453 in
1277 422 1442 464 utroque
1471 419 1589 454 latere
1619 418 1742 454 lineae
1777 418 2003 455 decussatae
2035 423 2184 459 exstant
2209 427 2213 442 ³

403 501 479 526 non
509 488 703 525 absimiles
732 487 909 534 pugionis
939 485 1098 528 formae,
1134 487 1292 530 quaein
1319 486 1403 521 aliis
1432 487 1635 532 reperitur,
1671 487 1745 521 nisi
1775 487 1880 531 quod
1910 487 1948 523 in
1977 488 2051 524 illis
2080 489 2187 547 linea

402 561 620 592 transversa
650 555 730 591 fere
771 564 847 591 non
882 555 921 589 in
952 552 1077 588 media
1107 553 1244 598 glande
1274 557 1397 589 exstat
1427 557 1463 589 et
1492 554 1532 588 in
1562 553 1845 598 exemplaribus
1882 553 1984 591 bene
2019 566 2182 594 conser-
2216 589 2220 612 ,Ε

400 625 497 660 vatis
526 633 603 659 non
632 632 757 668 usque
787 621 836 657 ad
864 621 1056 667 margines
1084 619 1271 664 perducta
1303 624 1374 656 est.
1436 621 1536 656 Num
1566 622 1720 658 omnino
1751 631 1833 657 rem
1864 622 2030 668 aliquam
2060 626 2181 671 signi-

400 692 499 736 ficet,
537 701 614 727 non
643 691 769 726 minus
798 689 987 725 incertum
1017 690 1075 724 est
1105 697 1221 733 quam
1252 690 1290 723 in
1310 690 1503 734 sequenti.
1527 708 1583 714 —
1605 689 1815 726 Garruccio
1842 685 1923 739 (qui
1951 691 2000 728 ad
2029 702 2070 730 n.
2097 696 2176 732 969

399 759 447 794 de
487 758 546 794 his
586 758 715 803 figuris
754 751 934 805 loquitur)
980 759 1069 791 sunt
1112 755 1298 791 »funiculi
1338 754 1541 792 fundarum
1580 756 1643 791 alii
1682 756 1776 794 alios
1798 758 2028 796 scandentes
2058 761 2108 797 ita
2137 766 2181 799 ut
2227 787 2242 814 ,³

397 826 568 872 plagulas
599 830 636 862 et
666 825 835 861 maculas
868 823 1115 869 scutulasque
1146 823 1329 859 efficiant:
1380 827 1615 869 quapropter
1644 824 1785 861 fundae
1826 827 1865 861 in
1893 827 2036 873 medio,
2073 829 2178 876 quod

396 898 454 930 est
473 894 728 936 reticulatum,
764 891 908 928 scutale
928 894 1103 927 vocant«.
1158 891 1252 926 Item
1272 889 1393 926 Alessi
1415 891 1547 926 lettera
1579 894 1682 928 1815
1708 903 1746 939 p.
1774 895 1823 930 34
1857 893 2009 932 Siculae
2029 896 2178 944 glandis
2222 918 2242 966 ἔ

396 961 553 1007 figuram
598 956 754 1010 (fulmen
791 963 834 996 ut
872 959 1029 1005 opinor,
1077 958 1127 994 cf.
1173 959 1254 994 eius
1293 956 1372 994 tab.
1407 954 1434 1007 I)
1482 958 1516 994 le
1553 959 1621 1006 fila
1659 960 1719 995 del
1755 960 1874 1008 fondo
1905 963 2020 1000 d'una
2047 965 2175 1012 fienda
2224 971 2237 1001 ἒ

394 1029 664 1074 interpretatus
702 1031 797 1064 erat.
866 1025 913 1062 At
953 1027 1082 1071 plures
1122 1026 1279 1062 funiculi
1319 1025 1530 1070 decussati,
1580 1030 1622 1063 ut
1661 1031 1749 1063 sunt
1784 1030 1878 1066 retis
1907 1032 2094 1078 maculae,
2137 1034 2177 1072 in
2226 1052 2232 1084 13

395 1095 495 1131 nulla
535 1095 671 1142 glande
711 1094 956 1140 reperiuntur
992 1097 1030 1129 et
1059 1095 1213 1130 omnino
1245 1094 1482 1129 reticulatam
1511 1094 1628 1130 fuisse
1658 1095 1801 1133 fundae
1831 1097 1997 1135 mediam
2026 1105 2176 1146 panem

392 1173 519 1209 neque
562 1162 724 1198 traditur
768 1171 894 1207 neque
935 1171 1007 1206 per
1045 1171 1088 1196 se
1126 1161 1208 1196 veri
1238 1161 1361 1196 simile
1392 1165 1463 1198 est.
1526 1161 1678 1199 Scutale
1707 1168 1836 1200 autem
1865 1166 1959 1212 quid
1987 1169 2176 1216 significet

390 1230 494 1266 Livio
533 1226 591 1278 (ex
626 1239 725 1274 quo,
758 1232 801 1264 ut
830 1229 979 1274 opinor,
1015 1228 1208 1264 Charisius
1238 1238 1278 1272 p.
1319 1231 1409 1274 118,
1439 1231 1489 1266 34
1522 1230 1618 1270 Keil.
1652 1228 1871 1281 memorat),
1910 1244 1989 1272 non
2017 1240 2171 1276 omnin0
2220 1260 2242 1295 ⁸³2

389 1296 546 1342 quidem
584 1299 751 1340 constat,
801 1295 869 1331 sed
903 1298 970 1339 38,
999 1298 1048 1333 29
1087 1290 1155 1344 §6
1197 1295 1400 1342 probabile
1440 1300 1497 1332 est
1536 1308 1621 1334 esse
1658 1298 1850 1336 habenam
1889 1301 2029 1340 fundae
2066 1306 2171 1344 corio

388 1363 543 1408 factam3
599 1363 718 1400 altero
758 1363 842 1400 loco
889 1359 970 1410 (42,
999 1365 1049 1399 65
1081 1357 1103 1412 ξ
1130 1358 1213 1413 10),
1256 1364 1286 1399 si
1326 1364 1454 1400 Livius
1494 1366 1550 1401 sic
1590 1366 1712 1408 funda
1740 1368 1866 1404 media
1905 1370 1979 1408 duo
2009 1373 2172 1411 scutalia

386 1432 539 1478 inparia
581 1426 966 1479 [duocumaliainpari
1000 1426 1136 1480 codex]
1178 1431 1336 1467 habebat
1375 1433 1549 1478 scripsit,
1592 1433 1890 1481 descriptionem
1926 1438 2171 1486 Polybianam
2218 1462 2226 1490 ᾗ

2224 1332 2234 1363 l

393 1494 509 1546 (apud
539 1498 693 1534 Suidam
724 1511 763 1535 v.
796 1494 970 1549 κέστρος,
1007 1509 1047 1544 p.
1087 1501 1207 1542 1163,
1249 1502 1295 1535 13
1329 1495 1497 1550 Hultsch)
1543 1512 1749 1547 perperam
1786 1504 2057 1552 interpretatus
2089 1513 2164 1555 est;
2212 1377 2240 1591 ὲ

2209 1714 2236 1876 Ξ

2218 1878 2233 1909 ἶ

384 1567 415 1602 is
437 1568 559 1602 enim:
594 1565 726 1613 τοῦτο,
760 1563 864 1604 δυεῖν
885 1559 1026 1603 κώλων
1056 1558 1200 1615 (κάλων
1223 1563 1354 1617 codd.)
1384 1560 1527 1612 ἀνίσων
1556 1559 1814 1621 ὅπαρχόντων
1835 1569 1905 1624 τῆς
1933 1570 2168 1629 σφενδόνης,

384 1629 440 1676 εἰς
479 1626 522 1671 τὸ
562 1630 679 1684 μέσον
719 1629 994 1685 ἐνηγκυλίζετο
1032 1633 1110 1671 τῶν
1141 1626 1278 1672 κώλων
1323 1627 1470 1685 (κάλων
1501 1633 1632 1687 codd.)
1669 1630 1853 1689 εὐλύτως,
1899 1643 1926 1678 i.
1956 1653 1994 1680 e.
2027 1644 2168 1683 fundae

382 1701 460 1738 duo
500 1702 674 1738 membra
703 1703 851 1748 inparia
894 1707 1014 1747 erant,
1062 1704 1100 1739 in
1140 1713 1307 1748 quorum
1337 1703 1599 1741 membrorum
1629 1706 1756 1742 media
1785 1714 1895 1754 parte
1924 1711 2044 1748 telum
2074 1713 2169 1751 illud

389 1764 767 1820 (cestrosphendone)
796 1769 1052 1807 inserebatur.
1097 1770 1169 1807 Ubi
1190 1772 1272 1807 sive
1302 1771 1396 1807 illud
1416 1763 1549 1809 κάλων
1577 1769 1655 1820 (aut
1675 1776 1801 1820 potius
1820 1769 1973 1829 κώλων)
1996 1779 2167 1820 habenas
2217 1793 2237 1844 ’τ’

389 1832 439 1885 (id
481 1837 585 1883 quod
633 1838 726 1874 mihi
762 1838 969 1884 probatur,
1020 1838 1069 1875 cf.
1110 1838 1246 1875 Strabo
1286 1840 1335 1875 111
1375 1851 1413 1886 p.
1456 1843 1530 1877 168
1562 1840 1604 1877 C.
1640 1835 1898 1894 μακρόκωλον
1936 1843 2040 1898 κτλ.)
2084 1851 2164 1887 sive

380 1904 489 1940 aliter
520 1905 777 1951 explicamus,
813 1907 888 1943 hoc
920 1910 1068 1943 certum
1099 1910 1176 1951 est,
1225 1918 1290 1943 eas
1321 1918 1396 1944 non
1427 1910 1466 1943 in
1496 1909 1623 1945 media
1652 1910 1768 1947 funda
1799 1913 1918 1950 fuisse
1948 1919 1986 1952 et
2015 1926 2163 1955 errasse

379 1972 526 2008 Livium
532 2000 540 2007 .
2196 1987 2205 2010 ἲ
2216 1994 2242 2043 3

2221 2044 2234 2068 ἐ

2212 2071 2242 2132 ’ἐξ

378 2112 436 2156 40
460 2114 530 2168 [=
553 2119 664 2166 Corp.
690 2121 742 2155 IX
772 2131 811 2156 n.
840 2123 962 2166 6086,
988 2117 1047 2170 XL]
1096 2124 1108 2156 1
1152 2116 1257 2170 [olim
1288 2122 1390 2168 apud
1411 2122 1680 2170 Santangelum
1709 2137 1748 2163 n.
1772 2131 1809 2173 9,
1844 2139 1948 2167 nunc
1968 2137 2008 2167 tn
2027 2142 2161 2171 museo
2200 2127 2242 2190 J}

490 2187 739 2233 Neapolitano
760 2198 799 2223 n.
826 2183 965 2236 4727}
1020 2188 1163 2225 Pendet
1187 2191 1236 2226 56
1259 2201 1335 2237 gr„
1365 2191 1476 2236 longa
1501 2195 1643 2238 0,042‚
1670 2205 1798 2231 crassa
1822 2199 1919 2241 0‚02
1944 2202 1982 2235 et
2005 2193 2154 2247 0,0'44;

489 2253 664 2299 robigine
694 2254 791 2291 flava
820 2256 1027 2292 incrustata
1059 2260 1130 2292 est.
2204 2268 2219 2292 x*

439 2324 458 2358 2
492 2323 531 2356 in
562 2323 698 2360 Piceno
729 2335 813 2370 rep.
848 2333 958 2359 DELF.
994 2335 1034 2370 p.
1064 2328 1101 2361 9.
2211 2328 2242 2397 ,Ε

976 2557 1556 2748 &7
2203 2599 2242 2756 ἐξ

2215 2192 2236 2282 ξ

2213 2279 2242 2387 ξ

2135 2386 2242 2455 {1

2235 2209 2242 2255 ὲ

2238 2260 2242 2281 ἓ

2237 2797 2242 2832 5

374 2832 414 2864 1;
450 2829 542 2866 Tab.
563 2831 625 2867 VII
653 2835 716 2869 13.
765 2834 849 2870 Vidi
880 2840 917 2872 et
946 2847 1062 2883 supra
1094 2840 1261 2877 exhibui.
1312 2843 1354 2878 In
1383 2854 1518 2880 aversa
1549 2850 1657 2891 parte
1687 2857 1764 2884 non
1793 2847 1893 2884 bene
1924 2853 2149 2887 conservata
2201 2836 2236 2899 3¹

425 2901 530 2934 certe
561 2909 663 2936 nunc
694 2900 788 2936 nihil
818 2905 1002 2940 cernitur.
1588 2960 1592 2964 ι
2231 2907 2234 2908 ⁷

370 2967 390 3001 2
423 2965 568 3002 Delfico
599 2968 638 3002 in
672 2968 800 3005 tabula
838 2968 901 3019 (cf.
928 2983 967 3017 p.
994 2977 1015 3010 9
1049 2978 1087 3011 et
1118 2971 1181 3024 10)
1218 2988 1306 3013 aere
1336 2979 1496 3015 incisam
1527 2981 1680 3018 exhibet
1710 2983 1956 3027 praecedenti
1985 2987 2150 3024 similem
2211 2984 2242 3041 ,Ὺ

430 3028 490 3081 (an
521 3035 682 3071 eandem
691 3032 719 3086 i)
733 3065 741 3073 .

477 3122 558 3159 Alia
603 3128 777 3174 exempla
822 3129 943 3166 habes
990 3133 1028 3167 in
1067 3136 1244 3180 sequenti
1295 3140 1332 3172 et
1375 3137 1511 3182 glande
1559 3141 1713 3185 originis
1761 3142 1933 3188 ignotae,
1983 3144 2145 3183 fortasse

362 3189 588 3241 AscuIanae,
624 3204 662 3230 n.
695 3197 787 3232 113.
2199 3207 2202 3217 ’

481 3260 588 3297 Vezzi
617 3263 701 3299 dell’
726 3266 886 3312 artefice,
923 3278 941 3303 e
971 3269 1011 3304 di
1038 3271 1156 3307 niuna
1186 3282 1274 3307 cosa
1303 3273 1501 3310 indicativi
1521 3275 1679 3313 Delfico.
1744 3278 1918 3315 Fortasse
1949 3280 2144 3318 imitantur
2200 3307 2228 3333 3

361 3327 582 3373 amygdalae
603 3332 765 3376 prunive
786 3334 964 3371 nucleum
994 3331 1056 3385 (cf.
1081 3349 1242 3384 granum
1273 3340 1407 3376 hordei
1428 3345 1593 3379 nummis
1617 3350 1956 3391 repraesentatum,
1994 3359 2054 3385 ex.
2079 3359 2137 3395 gr.
2215 3342 2218 3343 ⁷

360 3395 430 3430 Aes
459 3406 575 3439 yrave
605 3399 666 3434 del
696 3411 821 3438 museo
852 3404 980 3440 Kirch.
1018 3405 1067 3441 cl.
1093 3406 1107 3440 I
1138 3410 1166 3442 t.
1191 3408 1243 3442 IX
1268 3403 1324 3456 6).
