2210 3788
328 305 523 337 XXXVIII
1087 299 1350 332 PRAEFATIO.

444 413 670 465 expressit,
721 412 1017 463 inscriptiones
1061 418 1201 452 autem
1231 413 1479 465 vulgaribus
1511 413 1660 453 litteris
1692 413 1835 465 figuris
1867 425 2011 453 earum
2042 413 2111 452 in-

443 480 588 520 seruit.
670 480 758 527 Quo
788 479 1062 531 pervenerint
1101 479 1275 532 glandes
1314 481 1522 530 nescitur;
1578 492 1704 520 unam
1746 480 1802 533 (n.
1830 480 1896 534 43)
1932 480 2138 539 ῘοιτὲιεεθΓ

442 546 550 586 vidit
579 547 608 586 Ι.
644 548 687 586 F.
723 546 972 586 Gronovius.

327 615 381 654 La
411 615 637 653 Lomnmnu
671 612 796 655 4870.
829 637 887 643 —-
914 614 1018 655 Vide
1050 629 1093 655 n.
1128 615 1195 666 86,
1222 628 1254 655 2.

327 680 563 721 Hadrianus
592 693 644 721 DE
676 683 937 722 Loncrssnnm.
1000 682 1105 724 Vide
1134 683 1320 722 Rusoni.

325 749 405 789 Ios.
438 751 624 789 LovArn.
687 748 791 789 Vide
823 749 874 790 ad
905 762 948 789 n.
984 750 1054 790 56.
1089 751 1157 790 59.
1194 752 1262 791 62.
1298 751 1367 789 65.

327 817 514 870 Angelus
545 819 801 857 LvrA'rTELu.
864 816 968 857 Vide
998 831 1042 870 p.
1066 819 1190 858 XXV.

2199 803 2207 818 v·
2202 747 2210 757 A
2194 690 2210 730 Ti..-
2191 579 2210 682 *mamm
2192 497 2210 573 ἐπὶ-φτ

326 886 503 933 Murem,
539 886 673 925 musei
699 884 974 937 Kircheriani,
1001 886 1069 925 cui
1099 885 1334 938 praefectus
1365 890 1468 938 erat,
1505 884 1678 937 glandes
1699 884 1929 926 delineavit
1949 887 2113 928 Minicio
2199 879 2200 882 ¹

447 951 511 1005 (cf.
548 953 646 992 Min.
679 966 723 1004 p.
750 952 824 993 204
862 958 947 992 not.
973 952 1032 1005 3),
1069 953 1268 1005 idemque
1299 958 1445 1005 postea
1476 952 1659 993 sedecim
1692 965 1836 993 earum
1866 954 2109 1007 Ritschelio,

443 1020 515 1072 qui
547 1018 682 1060 edidit
719 1021 786 1059 Pr.
821 1021 864 1060 L.
899 1021 1006 1060 Mon.
1041 1026 1070 1060 t.
1096 1020 1184 1060 VIII
1215 1022 1255 1061 2.
1292 1020 1332 1060 7.
1368 1022 1407 1061 9.
1453 1021 1520 1060 40.
1564 1021 1633 1061 20.
1677 1022 1746 1061 24.
1789 1022 1841 1062 22
1881 1019 2113 1075 (adversam

442 1086 640 1141 partem).
676 1088 744 1127 23.
781 1089 848 1139 24,
884 1093 914 1127 t.
950 1089 1005 1127 IX
1035 1087 1102 1128 37.
1137 1089 1205 1129 44.
1241 1089 1336 1129 42α.
1381 1090 1449 1128 48.
1495 1090 1562 1128 54.
1599 1089 1667 1128 58.
1703 1090 1771 1129 59.
1824 1112 1882 1118 -
1926 1090 1973 1130 In
2017 1103 2115 1131 aca-

440 1154 578 1194 demia
608 1155 790 1195 Romana
820 1155 872 1195 de
902 1156 1054 1195 Minicii
1085 1157 1431 1197 commentatione
1462 1157 1485 1195 3
1509 1157 1612 1197 Nov.
1650 1157 1757 1196 4839
1789 1158 1896 1198 lecta
1925 1157 2116 1199 breviter

440 1221 642 1262 disseruit
672 1223 724 1262 28
750 1224 852 1263 Nov.
887 1235 924 1262 e.
958 1235 1015 1274 a.;
1050 1223 1148 1263 vide
1179 1225 1324 1264 Diario
1354 1225 1399 1264 di
1426 1226 1551 1264 Roma
1581 1223 1605 1263 7
1626 1225 1727 1265 Dec.
1755 1226 1863 1265 4839
1895 1239 1937 1267 n.
1962 1225 2032 1268 97.

324 1289 531 1329 Iohannes
553 1289 605 1328 de
628 1290 822 1341 Mutum,
857 1291 1043 1330 Historia
1062 1293 1230 1345 yenerai
1251 1291 1299 1332 de
1318 1293 1501 1345 Espaiia.
1526 1293 1652 1332 Tomo
1672 1293 1741 1334 IX.
1766 1294 1960 1335 Valencia
1984 1294 2109 1336 4796.

439 1358 479 1396 4.
508 1357 730 1406 ,Continet
758 1371 802 1410 p.
831 1357 947 1398 CLIII
974 1371 1069 1412 sqq.
1114 1360 1339 1411 epistulam
1368 1361 1577 1401 Francisci
1608 1361 1766 1401 Perezii
1797 1363 1944 1415 Bayer.
2008 1362 2114 1404 Vide

437 1438 480 1464 n.
508 1425 575 1465 49.
611 1448 666 1454 -
698 1425 996 1478 Suppeditavit
1024 1426 1283 1468 bibliotheca
1311 1429 1587 1469 Monacensis.

325 1493 475 1545 Ioseph
507 1494 670 1546 MICALI,
706 1494 833 1534 storia
860 1494 967 1548 deyli
984 1495 1137 1535 antichi
1149 1496 1289 1548 popoli
1307 1496 1477 1536 [taliani
1503 1497 1587 1536 vol.
1613 1497 1755 1537 1—111.
1790 1497 1962 1539 Firenze
1985 1499 2109 1540 4832.

2208 1549 2210 1551 .
2202 1526 2210 1533 .=
2194 1388 2210 1489 -dffl'ffi
2194 1367 2207 1383 5³*
2195 1184 2210 1363 agn-‚Qmuz
2203 1127 2208 1138 .-

439 1561 478 1600 8.
514 1567 556 1601 et
585 1561 826 1601 tabularum
856 1562 940 1602 vol.
975 1563 1245 1615 inscriptum:
1290 1565 1540 1604 Monumenci
1572 1577 1649 1617 per
1677 1565 1834 1605 servire
1864 1566 1951 1606 alla
1987 1568 2117 1608 storia

437 1635 478 1669 et
517 1641 560 1681 q.
595 1641 647 1681 s.,
684 1628 752 1669 fol.
787 1653 846 1658 -—
875 1630 988 1670 Duas
1018 1642 1061 1669 n.
1096 1632 1134 1683 4,
1161 1645 1177 1671 3
1210 1637 1253 1671 et
1284 1633 1322 1682 6,
1349 1644 1367 1671 2
1402 1631 1512 1672 bene
1552 1631 1782 1673 delineatas
1812 1633 1959 1674 edidit.

325 1695 495 1737 Carolus
525 1695 733 1737 Antonius
762 1697 922 1750 M1LAN1]
971 1697 1135 1752 Gataloq
1171 1699 1245 1739 der
1283 1700 1523 1753 Sammluny
1553 1700 1622 1740 des
1659 1702 1688 1751 -1-
1720 1700 1763 1740 C.
1784 1699 1833 1741 A.
1859 1703 1928 1753 M.,
1966 1702 2116 1743 welche
2198 1699 2205 1753 j

438 1765 481 1804 in
511 1763 738 1817 Franhfurt
766 1778 807 1804 a.
832 1767 888 1807 M.
924 1765 1002 1805 den
1022 1769 1063 1806 4.
1087 1768 1187 1806 Jum·
1216 1767 1327 1807 4885
1355 1780 1396 1807 u.
1419 1767 1467 1820 ff.
1499 1769 1602 1821 Taqe
1632 1780 1710 1808 von
1739 1770 1783 1808 F.
1807 1766 1857 1809 A.
1893 1769 1934 1809 C.
1964 1771 2116 1812 Prestel

442 1833 680 1886 versteiyert
707 1833 831 1873 wird.
896 1833 1115 1874 Frankfurt
1137 1846 1173 1875 a.
1198 1835 1251 1874 M.
1279 1835 1387 1874 4883
1418 1834 1679 1887 (Praefationi
1711 1836 1999 1890 subscriptum
2023 1844 2109 1879 est:
2194 1851 2206 1872 ³-

440 1899 483 1939 F.
519 1899 606 1952 G.).
648 1902 744 1952 Pag.
774 1901 852 1939 406
885 1913 928 1941 Π.
955 1902 1030 1941 344
1071 1901 1243 1954 glandes
1273 1903 1383 1942 XXV
1412 1902 1602 1943 breviter
1633 1910 2021 1946 commemorantur.
2056 1929 2114 1935 -—
2191 1918 2206 1923 ”’

440 1966 546 2007 Vide
576 1980 620 2007 n.
657 1967 735 2007 75*
765 1975 807 2009 et
838 1969 929 2009 93*.

327 2045 552 2086 Caietanus
581 2059 630 2085 DF.
660 2048 841 2100 MlNlcls,
886 2048 990 2088 suile
1020 2048 1176 2088 antiche
1212 2048 1386 2103 9hiaride
1415 2050 1563 2090 missili
1590 2062 1610 2090 e
1639 2050 1742 2091 sulze
1772 2051 1857 2091 loro
1888 2052 2112 2093 iscrizioni.

439 2115 746 2155 Dissertazione
787 2115 883 2155 Zeita
924 2116 1010 2156 alla
1050 2115 1198 2169 pontif.
1242 2117 1472 2158 accademia
1508 2130 1610 2158 rom.
1654 2118 1699 2158 di
1737 2119 1910 2160 archeol.
1952 2120 1981 2160 5
2017 2132 2112 2162 nov.
2192 2139 2195 2147 ³

443 2183 569 2223 4859.
612 2206 662 2211 —
707 2182 830 2223 Edita
871 2188 935 2223 est
970 2197 1065 2224 cum
1105 2183 1403 2225 additamentis
1446 2183 1512 2238 (cf.
1548 2185 1614 2225 ed.
1651 2186 1675 2227 2
1707 2199 1749 2238 p.
1782 2187 1864 2228 239
1902 2193 1989 2229 not.
2016 2189 2039 2228 3
2074 2195 2115 2230 et

438 2263 481 2302 p.
508 2251 589 2291 228
621 2256 708 2290 not.
736 2250 801 2305 4);
859 2250 897 2305 4)
934 2263 1144 2291 seorsum:
1188 2253 1317 2293 Roma
1350 2253 1473 2305 4844,
1516 2266 1589 2306 pp.
1625 2252 1693 2305 74,
1737 2253 1854 2294 tabb.
1880 2255 1935 2307 ΙΙ,
1991 2256 2029 2310 2)
2068 2256 2113 2297 ἰΠ

437 2319 740 2359 Dissertazioni
768 2319 876 2359 della
900 2320 1106 2372 pontificia
1136 2321 1275 2361 accad.
1309 2333 1410 2360 rom.
1446 2321 1490 2360 di
1519 2320 1633 2361 arch.
1677 2327 1708 2361 t.
1737 2322 1806 2362 XI.
1851 2323 1978 2364 Roma
2001 2325 2110 2366 4852

441 2399 481 2437 p.
511 2385 733 2426 487-256
762 2386 831 2438 [=
850 2400 894 2439 p.
922 2386 1058 2426 4-70
1091 2388 1158 2428 ed.
1193 2387 1330 2441 sep.],
1366 2388 1482 2429 tabb.
1509 2389 1558 2428 II.
1585 2412 1640 2418 -
1660 2390 1892 2443 Vtriusque
1915 2391 2114 2433 editionis
2189 2385 2207 2393 ⁰

440 2454 566 2505 plane
597 2453 711 2494 idem
742 2459 869 2506 typus
900 2460 976 2506 est,
1012 2456 1095 2495 nisi
1126 2455 1239 2508 quod
1269 2469 1457 2496 errorum
1489 2450 1815 2509 emendationeS,
1851 2471 1958 2511 quae
1989 2473 2032 2512 p.
2061 2459 2106 2500 74

442 2520 508 2560 ed.
544 2533 635 2573 sep.
670 2521 936 2574 exhibentur,
981 2522 1136 2563 desunt
1166 2525 1210 2563 in
1250 2523 1432 2564 editione
1473 2525 1604 2565 altera
1634 2537 1714 2566 nec
1743 2526 1787 2565 in
1829 2526 1919 2566 eius
1950 2533 2115 2569 textum

450 2595 549 2629 sunt
580 2589 749 2629 relatae.
824 2591 978 2630 Earum
1009 2591 1295 2631 memorabilis
1332 2598 1396 2631 est
1427 2592 1512 2632 sola
1542 2593 1665 2645 haec,
1707 2579 1798 2645 ¹qua
1827 2607 1869 2646 p.
1899 2595 2113 2638 46=202

436 2669 479 2696 n.
505 2656 557 2698 25
600 2670 640 2695 m
671 2658 822 2710 corrigi
852 2658 1021 2698 iubetur
1051 2659 1094 2698 in
1125 2672 1222 2698 τΑΗ.
1256 2681 1314 2688 —-
1342 2660 1389 2698 In
1419 2660 1505 2699 tab.
1540 2661 1596 2711 II,
1633 2673 1742 2713 quae
1773 2662 1859 2702 sola
1889 2662 2107 2716 inscripti·

440 2737 542 2764 ones
587 2724 782 2776 exhibet,
837 2724 946 2765 infra
992 2738 1035 2766 n.
1072 2727 1124 2767 25
1168 2733 1210 2766 et
1249 2740 1292 2766 n.
1336 2727 1389 2766 32
1434 2727 1642 2780 quaedam
1681 2729 1815 2769 libelli
1857 2732 2115 2784 exemplaria
2185 2728 2204 2784 ἐς

440 2793 583 2844 paullo
605 2799 700 2833 ante
733 2792 960 2833 editionem
991 2794 1171 2834 insertas
1202 2794 1404 2834 exhibent
1434 2795 1614 2836 duarum
1636 2796 1852 2848 glandium
1879 2797 2110 2853 [falsarum]

442 2861 645 2912 imagines
676 2873 719 2899 n.
745 2862 761 2900 Ι
793 2867 835 2901 et
864 2862 898 2900 II
930 2863 1116 2914 signatas
1163 2862 1215 2916 (v.
1242 2876 1284 2903 n.
1311 2864 1390 2903 32*
1412 2869 1453 2903 et
1476 2863 1613 2917 49a*).
1647 2888 1705 2893 -—
1735 2865 1999 2917 Opusculum
2030 2881 2114 2908 nen
2199 2879 2201 2881 ’

441 2934 504 2968 est
525 2928 607 2967 iam
629 2941 666 2967 a.
697 2929 802 2968 4844
828 2928 1002 2982 editum,
1029 2942 1126 2970 nam
1147 2943 1191 2982 p.
1217 2930 1270 2969 67
1292 2949 1348 2965 =
1370 2931 1450 2971 253
1473 2932 1690 2972 Bullettino
1713 2933 1860 2986 Napol.
1887 2935 1984 2974 anni
2003 2936 2113 2975 4846
2193 2937 2206 2961 Γ

441 3001 697 3035 memoratur
726 3001 768 3035 et
797 2996 888 3048 ipse
911 3002 1054 3037 auctor
1082 3011 1126 3050 p.
1154 2999 1203 3037 53
1222 3015 1277 3034 =
1301 2999 1381 3039 239
1405 3005 1490 3039 not.
1517 3000 1540 3038 3
1573 3000 1765 3041 libellum
1785 3013 1869 3041 non
1890 3002 2018 3042 talem
2045 3004 2114 3044 edi

440 3070 595 3115 monet,
632 3064 801 3115 qualem
822 3064 972 3117 legerit
992 3077 1101 3105 anno
1126 3066 1249 3116 4839,
1284 3079 1381 3106 nam
1402 3080 1479 3119 per
1500 3073 1713 3120 septem
1745 3081 1874 3108 annos
1897 3070 2114 3121 glandium

440 3143 665 3171 numerum
687 3131 817 3183 duplo
839 3132 1036 3172 maiorem
1058 3132 1213 3173 factum
1235 3147 1341 3174 esse.
1378 3135 1523 3187 Itaque
1545 3135 1766 3189 impressio
1788 3136 1905 3177 finita
1925 3144 1989 3178 est
2003 3151 2113 3179 anno
2156 3192 2157 3195 Ἴ

443 3200 551 3239 4846
584 3207 657 3240 aut
688 3206 801 3240 certe
832 3213 915 3240 non
947 3206 1043 3241 ante
1075 3213 1232 3241 annum
1265 3202 1390 3241 4846.
1415 3225 1472 3231 -
1501 3202 1635 3243 Attuli
1667 3216 1719 3243 ex
1750 3203 1932 3244 editione
1964 3206 2109 3247 altera.
2172 3195 2210 3257 5

550 3268 713 3308 Minicio
744 3268 925 3320 primam
968 3267 1184 3318 glandium
1216 3270 1456 3310 Latinarum
1494 3271 1683 3324 syllogen
1715 3271 1937 3324 debemus;
1983 3273 2114 3315 Grae-
2191 3277 2207 3325 f}

441 3347 596 3387 carum,
632 3348 737 3388 quas
769 3342 810 3376 et
839 3337 930 3388 ipse
962 3335 1153 3389 collegit,
1200 3337 1405 3378 Iohannes
1436 3340 1582 3379 Petrus
1614 3340 1759 3380 Secchi
1798 3342 1919 3393 quasi
1951 3355 2113 3395 appen-
2165 3334 2168 3338 ἃ
2197 3341 2210 3389 ’.ζ’

441 3402 533 3442 dice
565 3403 692 3444 huius
722 3403 856 3444 libelli
888 3403 1081 3444 editurus
1112 3409 1201 3444 erat
1238 3403 1292 3457 (p.
1319 3405 1399 3445 244
1433 3412 1475 3446 et
1505 3407 1584 3447 254
1618 3413 1704 3447 not.
1731 3407 1788 3462 3),
1835 3410 1926 3461 ipse
1965 3422 2111 3450 earum
2181 3390 2210 3415 ¹
