2210 3788
301 320 383 351 vm
985 297 989 302 ’
1055 313 1315 346 PRAEFATIO.

416 429 497 466 lam
530 427 667 479 prodit
706 427 892 476 materia,
937 438 1059 476 quam
1089 438 1166 477 per
1198 426 1270 464 hos
1310 424 1396 463 fere
1434 437 1582 463 novem
1615 436 1745 463 annos
1776 423 2074 473 undecumque

302 496 472 547 collegi,
523 494 769 544 subsicivis,
819 500 866 533 ut
907 499 1231 533 consentaneum
1275 499 1360 542 est,
1413 493 1551 544 operis
1582 499 1623 531 et
1665 493 1863 532 itinerum
1905 489 1958 530 ad
1996 489 2076 529 alia

301 563 439 603 studia
472 562 669 602 factorum
710 561 1020 614 opportunitate
1061 573 1178 600 usus.
1242 562 1377 600 Musea
1419 566 1460 599 et
1496 559 1662 612 publica
1703 566 1744 599 et
1773 560 1936 612 privata
1968 569 2076 610 quae

302 631 471 670 maximi
511 636 609 670 sunt
654 630 851 668 momenti
901 629 989 681 ipse
1032 628 1117 668 adii
1162 629 1324 679 omnia,
1373 634 1606 667 ceterorum
1653 640 1843 679 magnam
1887 632 2073 680 partem:

302 698 536 737 examinavi
578 697 770 748 glandes,
816 708 923 748 quae
967 702 1132 735 exstant
1171 695 1333 747 Asculi,
1379 696 1595 747 Perusiae,
1640 696 1790 735 Romae
1835 694 1893 748 (in
1934 706 2078 734 museo

303 765 600 818 Kircheriano),
636 764 822 816 Neapoli,
860 764 1076 814 Monachii,
1113 763 1309 815 Berolini,
1345 762 1534 802 Londinii
1573 764 1628 814 (in
1660 776 1802 803 museo
1825 762 2074 811 Britannico,

302 833 413 886 quod
452 840 591 872 tamen
638 833 758 883 longe
800 832 943 884 plures
981 831 1167 883 possidet
1207 831 1385 871 Graecas
1431 843 1555 883 quam
1587 831 1794 885 Latinas),
1842 830 2076 881 Mediolani,

302 902 530 952 Bononiae,
582 900 837 951 Florentiae,
894 899 1114 951 Mugnani,
1164 899 1371 949 Basileae,
1420 900 1730 952 Sigmaringae,
1787 899 1982 939 Erbachii
2028 897 2079 939 ad

302 969 610 1020 Muemlingam,
645 967 914 1016 Mannhemii,
949 966 1220 1018 Francosurti,
1254 967 1512 1019 Mogontiaci,
1539 967 1790 1019 Wiesbadis,
1820 967 2079 1008 Kessenichii

301 1049 432 1088 prope
464 1038 661 1075 Bonnam.
735 1036 1019 1075 Transmissae
1061 1047 1227 1087 quoque
1266 1035 1368 1074 mihi
1409 1041 1506 1075 sunt
1543 1036 1715 1087 glandes
1753 1049 1774 1075 a
1806 1034 2082 1076 Feuardentio

302 1104 497 1156 Parisino,
535 1104 871 1155 Bourguignonio
901 1104 1193 1155 Neapolitano,
1240 1104 1411 1143 Vittorio
1441 1104 1730 1156 Mugnanensi,
1767 1104 1919 1143 Zahnio
1950 1104 2083 1144 Grae-

302 1172 447 1221 ziensi,
473 1173 629 1212 museis
650 1172 995 1223 Sigmaffingensi,
1021 1169 1322 1222 Ansbachensi,
1347 1171 1625 1223 Monachensi,
1654 1164 1926 1212 Berolinensi.
1953 1171 2084 1212 Deni-

301 1254 383 1293 que
400 1239 632 1292 glandium,
653 1252 759 1292 quae
777 1245 1047 1279 asservantur
1065 1239 1264 1289 Panormi,
1288 1238 1444 1291 Cefalil,
1467 1240 1696 1291 Catanzari‚
1717 1242 1930 1292 Tergeste,
1951 1239 2078 1292 Vtini,

307 1308 590 1359 vindobonae,
627 1307 793 1347 Parisiis
830 1308 884 1359 (in
907 1306 1089 1359 publicis
1111 1305 1302 1358 museis),
1337 1306 1446 1358 apud
1471 1308 1511 1347 S.
1539 1308 1808 1361 Germanum,
1843 1307 2078 1361 Luguduni,

305 1376 488 1427 Tolosae,
524 1375 734 1424 Trivultii‚
768 1375 968 1427 Basileae,
1003 1375 1155 1416 Leidae
1193 1375 1278 1428 (ubi
1300 1376 1441 1416 nullae
1464 1382 1624 1416 exstant
1646 1375 1848 1428 Latinae),
1883 1376 2080 1428 Havniae,

302 1444 549 1496 Liverpoolii
580 1444 647 1483 vel
680 1451 826 1496 ectypa
847 1444 913 1483 vel
944 1444 1182 1496 apographa
1214 1456 1376 1484 mecum
1398 1445 1812 1484 communicaverunt
1842 1456 2084 1484 museorum

305 1512 534 1553 directores
566 1519 606 1552 et
636 1513 783 1565 amici,
820 1513 976 1565 quibus
1006 1513 1110 1551 viris
1142 1524 1216 1564 pro
1247 1511 1467 1551 beneficiis
1498 1512 1541 1551 in
1575 1512 1680 1551 hanc
1711 1524 1880 1564 operam
1912 1512 2085 1552 conlatis

302 1581 456 1633 gratias
495 1581 699 1621 maximas
739 1580 876 1621 libens
918 1593 1009 1633 ago,
1073 1580 1235 1632 Operae
1276 1580 1406 1631 igitur
1436 1592 1517 1619 non
1548 1581 1747 1632 peperci,
1793 1585 1839 1620 ut
1869 1579 2084 1633 glandium

302 1648 414 1701 quod
455 1648 615 1701 ubique
652 1649 836 1688 inveniri
875 1654 1014 1701 posset
1053 1648 1306 1699 colligerem.
1383 1647 1540 1694 Quodsi
1582 1654 1722 1688 tamen
1753 1648 1937 1701 aliquid,
1973 1647 2086 1700 quod

301 1716 435 1756 bonae
467 1717 520 1756 sit
551 1716 699 1768 frugis,
742 1730 809 1756 me
841 1717 1033 1769 latuerit,
1070 1730 1167 1770 rogo
1199 1731 1288 1768 eos,
1336 1718 1409 1770 qui
1440 1717 1655 1767 noverint,
1701 1722 1748 1756 ut
1779 1729 1942 1756 mecum
1973 1729 2086 1756 com-

304 1786 518 1824 municent
558 1808 614 1813 —-
650 1784 761 1837 quod
804 1784 936 1824 bonae
976 1785 1029 1824 sit
1070 1785 1226 1839 frugis,
1276 1785 1389 1838 dixi,
1439 1798 1533 1824 nam
1576 1785 1816 1836 spuriarum
1856 1797 1995 1837 nuper
2033 1785 2087 1824 ab

302 1852 509 1893 Asculano
542 1853 610 1892 illo
632 1853 873 1892 incusarum
905 1853 1077 1893 minime
1099 1853 1245 1894 dubito
1267 1854 1370 1905 quin
1393 1854 1518 1893 etiam
1541 1853 1670 1892 multo
1691 1853 1836 1905 plures
1867 1853 1909 1892 in
1931 1853 2087 1892 museis

302 1921 482 1960 maxime
527 1921 704 1973 privatis
751 1920 987 1961 reconditae
1033 1923 1117 1961 sint
1163 1922 1228 1961 vel
1271 1935 1295 1961 a
1338 1920 1670 1973 negotiatoribus
1714 1920 2080 1961 circumferantur.

300 1989 392 2040 Ipse
433 2001 527 2028 cum
570 1988 622 2028 ad
661 1988 742 2028 duo
787 1989 900 2028 milia
953 2002 1095 2029 earum
1137 1990 1489 2043 examinaverim,
1542 1991 1642 2029 satis
1685 2001 1899 2042 superque
1937 1989 2084 2030 secisse

302 2057 403 2095 mihi
436 2056 603 2109 videor,
649 2069 730 2108 quo
763 2056 934 2096 fraudes
974 2058 1275 2097 evincerentur
1306 2063 1346 2097 et
1385 2058 1456 2098 alii
1488 2070 1558 2097 eas
1597 2069 1822 2109 agnoscere
1854 2057 2079 2098 discerent.

305 2125 447 2164 Plures
479 2124 654 2180 glandes
685 2124 940 2165 adulteratas
971 2127 1219 2178 conquirere
1251 2133 1292 2166 et
1326 2126 1453 2166 edere
1484 2126 1644 2167 nullius
1672 2126 1796 2178 plane
1827 2138 1930 2166 usus
1962 2125 2079 2177 foret,

302 2193 464 2232 etiamsi
507 2193 743 2245 exspectari
786 2199 927 2245 posset
966 2206 1094 2233 novas
1136 2194 1427 2246 inscriptiones
1469 2194 1619 2235 multas
1659 2195 1821 2246 acquiri
1861 2207 2005 2247 posse,
2041 2193 2083 2233 id

303 2260 416 2312 quod
438 2274 561 2300 secus
582 2267 658 2311 est,
695 2274 791 2301 nam
812 2261 1019 2301 officinam
1040 2261 1288 2302 Asculanam
1311 2269 1468 2303 constat
1499 2262 1710 2303 infinitum
1742 2261 1829 2302 fere
1861 2275 2084 2303 numerum

303 2328 518 2380 glandium
541 2328 763 2369 excudisse
785 2328 861 2368 sed
883 2329 1025 2369 formis
1047 2330 1168 2382 longe
1189 2331 1458 2383 paucioribus
1481 2330 1665 2383 (fortasse
1687 2332 1856 2371 circiter
1872 2330 2078 2380 ducentis)

302 2409 420 2436 usam
443 2410 550 2437 esse.
573 2421 631 2426 —-
654 2398 731 2437 Eas
763 2397 898 2448 falsas,
936 2411 1043 2450 quae
1074 2399 1117 2437 in
1140 2400 1297 2439 museis
1317 2399 1499 2451 publicis
1530 2406 1572 2439 et
1596 2400 1858 2452 publicorum
1880 2400 1968 2439 fere
1998 2399 2085 2439 loco

304 2464 509 2504 habendis
539 2466 714 2517 pr1vatis
755 2465 1047 2518 adservantur,
1083 2472 1288 2519 quotquot
1318 2468 1418 2507 mihi
1450 2474 1572 2507 notae
1604 2474 1723 2516 sunt,
1760 2467 1950 2519 exhibui,
1985 2468 2086 2507 reli-

303 2545 482 2584 quarum
514 2545 585 2572 eas
622 2539 783 2573 tantum
823 2533 996 2585 admisi,
1041 2547 1148 2586 quae
1189 2535 1241 2574 ab
1283 2535 1375 2575 aliis
1404 2536 1485 2575 iam
1517 2535 1652 2576 editae
1685 2542 1827 2588 erant,
1862 2537 1943 2576 nisi
1974 2536 2084 2588 quod

304 2602 347 2640 in
379 2600 633 2652 quibusdam
673 2601 748 2641 sed
779 2603 925 2654 paucis
965 2615 1032 2641 res
1070 2603 1160 2655 ipsa
1190 2605 1399 2655 poposcit,
1446 2610 1491 2643 ut
1531 2605 1727 2644 universa
1768 2605 1900 2645 series
1930 2617 2086 2658 propo—

303 2675 493 2709 neretur.
527 2693 584 2698 —
615 2671 833 2709 Praeterea
864 2677 947 2710 tam
989 2671 1031 2709 in
1064 2672 1259 2723 genuinis
1290 2684 1413 2723 quam
1446 2672 1488 2712 in
1529 2673 1685 2724 spuriis
1717 2672 1893 2713 edendis
1914 2686 2083 2725 operam

305 2737 416 2789 dedi,
453 2744 500 2777 ut
531 2738 694 2790 singula
726 2739 930 2790 cuiusque
963 2740 1097 2778 musei
1129 2740 1387 2792 exemplaria
1418 2747 1607 2780 accurate
1639 2740 1978 2792 significarentur
2008 2740 2085 2780 ad-

303 2805 495 2856 scriptiS,
530 2805 666 2857 quoad
697 2807 788 2845 eius
821 2806 910 2845 fieri
934 2813 1116 2859 poterat,
1153 2808 1327 2860 catalogi
1359 2809 1567 2861 numeris,
1603 2822 1655 2848 ne
1689 2808 1931 2861 ambiguum
1955 2817 2079 2861 esset,

303 2872 356 2911 ad
399 2872 511 2925 quod
553 2875 768 2926 exemplar
809 2887 946 2914 meum
991 2874 1043 2914 de
1086 2875 1225 2915 indole
1266 2882 1306 2915 et
1352 2877 1527 2916 lectione
1570 2877 1772 2917 iudicium
1814 2877 2083 2918 referendum

305 2947 382 2981 est.
442 2942 543 2980 Nam
565 2942 640 2981 hoc
663 2942 747 2981 solo
772 2942 893 2982 modo
922 2942 1059 2994 (quem
1082 2944 1298 2983 Garruccii
1320 2957 1421 2984 sane
1442 2946 1600 2984 evitare
1630 2946 1779 2996 solent,
1814 2953 1862 2986 ut
1883 2946 2082 2986 latebram

303 3016 632 3049 commentorum
663 3023 834 3049 suorum
866 3010 1059 3063 habeant)
1099 3024 1277 3062 errores,
1318 3013 1389 3064 qui
1423 3019 1537 3052 tanto
1568 3026 1694 3065 opere
1726 3014 1915 3054 homines
1944 3014 2084 3054 doctos

305 3084 566 3118 vexaverunt
597 3084 637 3118 et
668 3078 718 3117 ad
752 3079 888 3130 iurgia
919 3091 1085 3131 quoque
1117 3079 1467 3131 sollicitaverunt,
1501 3081 1724 3132 glandibus
1756 3082 1950 3132 genuinis
1981 3095 2084 3134 spu-

304 3145 398 3196 riis,
444 3146 693 3186 lectionibus
724 3147 834 3186 veris
866 3146 981 3186 salsis
1020 3153 1179 3187 temere
1220 3154 1293 3188 aut
1331 3148 1470 3188 dolose
1502 3149 1704 3201 confusis,
1749 3149 2010 3202 deprehendi
2043 3156 2084 3189 et

304 3212 506 3252 confutari
538 3220 781 3265 potuerunt.
1650 3213 1652 3217 ’

418 3282 554 3320 Lectio
585 3283 903 3334 inscriptionum
935 3296 1061 3336 saepe
1092 3283 1276 3324 difficilis
1308 3291 1385 3335 est,
1421 3285 1579 3337 quippe
1603 3297 1780 3337 quarum
1813 3286 1977 3327 litterae
1998 3300 2082 3327 non

306 3360 398 3387 raro
430 3348 608 3389 detritae
640 3352 724 3390 sint
755 3357 796 3391 et
827 3351 946 3391 facile
987 3351 1298 3392 confundantur
1335 3364 1427 3392 cum
1460 3351 1642 3393 fortuitis
1674 3354 1835 3406 plumbi
1866 3356 2082 3407 particulis

305 3416 604 3457 eminentibus.
688 3419 844 3459 Idcirco
892 3420 933 3458 in
976 3420 1040 3459 his
1078 3433 1203 3472 quam
1242 3422 1419 3460 maxime
1459 3434 1562 3473 opus
1594 3429 1657 3462 est
1696 3429 1737 3462 et
1775 3423 1902 3463 oculis
1933 3423 2082 3475 peritis
