2242 3776
757 277 971 311 GLANDns
994 278 1265 311 PERvsmAE.
1848 268 1911 316 53

180 395 182 398 ’
213 389 227 412 ’ἶ
224 411 464 461 quaternas
493 418 584 445 eum
613 406 775 446 totidem
803 408 1042 454 marginibus
1072 407 1231 455 habent,
1277 409 1388 445 cuius
1418 408 1541 446 forma
1570 409 1671 445 inter
1700 407 1915 446 Asculanas

167 474 171 478 ’
175 458 291 531 ’ξω
327 480 344 514 1
371 477 447 515 nisi
475 485 554 513 uno
585 476 764 524 exemplo
799 470 853 526 (n.
885 471 970 527 10)

302 542 504 594 stptiones
539 546 580 582 in
615 545 810 583 Perusinis
849 555 1008 593 quoque
1047 546 1099 582 ita
1138 545 1264 583 factae
1302 549 1412 591 sunt,
1457 550 1500 583 ut
1539 546 1690 583 litterae
1720 547 1759 583 in
1790 546 1913 583 forma

190 599 231 679 2
247 596 267 667 ’
295 615 297 618 ’
313 633 318 646 ·-
336 617 417 653 vtur
445 615 623 652 inversae
649 609 767 665 (unde
788 618 959 651 erratum
981 617 1040 651 est
1060 614 1129 651 sed
1160 623 1263 659 raro,
1299 625 1362 651 ex.
1385 624 1445 661 gr.
1469 617 1519 652 84
1550 626 1590 651 v.
1613 618 1634 653 3
1659 610 1695 666 a)
1721 616 1761 652 in
1790 626 1916 662 eaque

191 682 299 750 j''''‡‡·³³
347 683 488 733 glande
526 684 611 731 ipsa
646 683 917 721 funderentur.
980 683 1057 720 Sed
1088 694 1127 720 n.
1157 685 1208 721 64
1240 683 1459 729 scariphata
1495 686 1554 720 est
1591 684 1632 720 in
1670 684 1809 731 glande
1838 685 1937 722 iam.

201 770 244 797 ‘t
247 748 434 834 Jtteris
463 752 622 800 quidem
654 754 821 790 cursivis
849 754 891 789 in
920 754 1021 789 areis
1051 751 1099 789 ad
1130 751 1205 789 hoc
1235 752 1346 789 factis
1377 752 1632 798 eiusdemque
1661 751 1767 790 haud
1798 751 1915 789 dubie

255 815 369 862 &fruit
395 830 437 859 n.
465 823 535 860 65.
597 821 763 858 Litterae
792 822 938 858 incisae
966 820 1031 858 vel
1062 820 1170 858 caelo
1200 821 1359 857 incusae
1389 824 1480 857 sunt
1509 820 1658 867 glandis
1687 832 1728 857 n.
1758 823 1827 859 88.
1860 841 1918 847 -

308 890 633 938 inscriptiones
652 899 793 927 versus
813 891 864 926 ita
885 888 1092 937 dispositos
1114 889 1313 934 exhibent,
1347 892 1390 941 ut
1412 881 1711 941 βουστροφηδὸν
1732 889 1918 936 legendae

187 1001 189 1005 ,
231 1005 235 1008 ,
304 961 410 998 ..56
436 961 505 997 58.
534 960 602 997 60.
636 961 704 996 69.
733 961 781 998 82
816 959 937 995 ternis
967 959 1248 1006 quaternisque
1277 957 1458 995 versibus
1489 962 1528 995 et
1556 958 1718 995 fortasse
1750 961 1819 996 59.
1847 961 1917 996 75.

194 1011 258 1036 ””
264 1038 278 1041 ”
331 1026 514 1066 versibus
546 1038 609 1064 vv.
644 1030 839 1064 exaratae.

303 1114 307 1129 ι
355 1107 506 1146 paucae
542 1097 674 1134 insunt
703 1097 745 1133 in
773 1097 972 1134 Perusinis
1010 1095 1218 1144 glandibus
1247 1097 1520 1143 inscriptiones
1548 1100 1628 1133 tam
1658 1096 1834 1142 detritae,
1877 1100 1921 1134 ut

293 1195 297 1198 -
323 1164 613 1213 exemplaribus
641 1167 809 1213 repertis
833 1165 881 1202 de
912 1169 1018 1203 certa
1047 1166 1214 1203 lect10ne
1244 1165 1328 1202 fere
1348 1165 1638 1211 desperandum
1667 1175 1753 1202 esse
1783 1165 1921 1202 videa-

326 1234 375 1273 iis
403 1235 457 1272 ita
485 1237 664 1272 versatus
694 1245 802 1280 sum,
837 1238 882 1272 ut
910 1245 979 1272 eos
1008 1237 1178 1280 tractus,
1224 1244 1325 1281 quos
1355 1234 1571 1282 qualesque
1602 1234 1695 1271 mihi
1726 1235 1920 1272 detexisse

223 1293 354 1350 What,
387 1303 492 1342 sicut
520 1302 629 1351 potui
657 1305 914 1351 transcriptos
945 1307 1305 1352 repraesentarem,
1351 1313 1587 1351 quamquam
1618 1307 1922 1341 consentaneum

369 1371 434 1412 odi
472 1373 635 1420 vestigia
663 1373 880 1410 litterarum
918 1372 1102 1419 fugientia
1142 1372 1389 1419 fortuitisque
1419 1373 1584 1410 maculis
1615 1374 1731 1410 etiam
1762 1373 1923 1410 confusa

190 923 290 973 μί’

199 1489 201 1493 Ι
303 1461 332 1473 f
347 1444 401 1485 ,18
438 1451 518 1480 non
555 1451 672 1488 posse
710 1442 802 1479 satis
840 1444 947 1478 recte
978 1441 1106 1489 excipi
1136 1442 1210 1478 nisi
1239 1445 1329 1488 post
1358 1441 1655 1487 explicationem
1684 1452 1818 1478 veram
1847 1440 1923 1478 ali-

303 1510 476 1562 4,38118111
504 1511 719 1548 inventam.
782 1510 1041 1558 Photographi
1080 1514 1162 1547 arte
1201 1511 1242 1547 in
1279 1510 1340 1546 his
1379 1509 1667 1557 exemplaribus
1706 1510 1790 1547 fere
1828 1510 1924 1547 nihil

318 1608 333 1629 ‚
366 1590 458 1635 nam
485 1580 613 1628 imago
635 1583 679 1616 ut
709 1575 972 1628 inscriptionis
991 1590 1132 1627 parum
1152 1581 1205 1616 ita
1234 1579 1479 1616 fortuitarum
1499 1579 1740 1616 macularum
1760 1580 1925 1616 nimium

354 1651 405 1695 1;
441 1648 491 1687 ab
513 1649 664 1697 ectypis
692 1652 822 1687 autem
853 1648 1040 1686 faciendis
1070 1650 1111 1685 in
1141 1659 1277 1686 eorum
1306 1648 1507 1696 plerisque
1528 1648 1747 1685 cavendum
1769 1652 1840 1694 est,
1875 1659 1942 1687 ne⁴

182 1701 421 1773 ””ὼ”’·’ῑὼ;ςιιαο
449 1718 644 1764 excrevit,
689 1717 805 1755 valde
834 1717 997 1754 friabilis
1026 1717 1204 1754 laedatur
1233 1718 1528 1765 litterarumque
1568 1717 1780 1764 fragmenta
1812 1718 1927 1755 etiam

197 1774 288 1838 ”,’,,’μῑ
303 1783 316 1835 ’ς
341 1802 375 1820 ε·
398 1785 571 1825 bentur:
625 1786 665 1824 id
695 1786 803 1834 quod
833 1787 978 1824 factum
1001 1796 1089 1823 esse
1109 1786 1188 1823 vidi
1218 1788 1259 1823 in
1278 1786 1475 1823 nonnullis
1505 1786 1723 1833 glandibus,
1761 1797 1928 1834 quarum

198 1843 284 1873 ””“’””
315 1895 317 1906 ὼ
343 1852 476 1895 Sancti
505 1855 688 1893 Germani
724 1865 840 1893 usum
879 1856 1007 1892 minus
1038 1858 1150 1892 caute
1190 1859 1329 1902 ectypa
1368 1855 1531 1893 formata
1571 1866 1659 1892 esse
1690 1855 1834 1892 audivi.
1869 1875 1928 1881 -—

184 1972 186 1976 ,
216 1963 230 1973 μ,
307 1934 436 1964 ,servis
474 1924 528 1963 ita
567 1925 665 1973 sint,
706 1926 857 1972 sperari
886 1925 979 1962 licet
1009 1923 1114 1970 fore,
1159 1927 1204 1960 ut
1233 1923 1339 1969 aliis,
1385 1925 1463 1971 qui·
1492 1924 1639 1961 diutius
1669 1924 1849 1961 Perusiae
1887 1925 1927 1962 in

255 1983 420 2050 mbram
459 1992 690 2031 incumbere
728 1997 933 2041 poterunt,
978 1993 1168 2039 quasdam
1208 1992 1347 2030 harum
1383 1994 1680 2040 inscriptionum
1719 1993 1858 2031 melius
1889 1998 1927 2031 et

198 2052 207 2066 ’
302 2060 438 2112 legere
468 2063 680 2110 contingat.

354 2147 371 2163 ιι
400 2132 507 2170 tatio
526 2129 735 2168 multarum
755 2131 904 2168 incerta
932 2131 1165 2178 relinquitur
1193 2140 1267 2167 nec
1288 2130 1413 2168 solum
1435 2131 1663 2168 detritarum
1684 2132 1746 2168 vel
1771 2132 1929 2169 mutila-

331 2201 477 2250 setiam
505 2200 757 2251 integrarum,
795 2200 844 2237 de
865 2210 1032 2246 quarum
1062 2200 1229 2237 lectione
1258 2202 1420 2244 constat,
1456 2200 1622 2237 maxime
1646 2203 1713 2238 85.
1742 2203 1924 2239 86—88.

320 2270 452 2317 tamen
479 2274 645 2317 possunt
673 2269 772 2307 haec
803 2269 886 2306 fere
916 2279 1085 2315 genera:

340 2363 418 2399 tus
437 2363 498 2398 est
516 2361 565 2408 is,
591 2362 704 2398 cuius
723 2362 831 2398 iussu
851 2361 960 2407 glans
980 2360 1083 2397 facta
1104 2363 1184 2396 est:
1226 2359 1366 2396 Caesar
1386 2360 1482 2407 imp.
1505 2363 1572 2405 63,
1598 2360 1719 2397 Rufus
1739 2362 1834 2408 imp.
1860 2365 1926 2406 68,

315 2438 392 2468 nus
414 2429 580 2467 militum
601 2429 796 2477 adscripta
825 2430 978 2476 legione
1001 2431 1069 2474 76,
1104 2428 1324 2476 primipilus
1355 2428 1508 2475 legione
1529 2429 1592 2466 vel
1621 2429 1816 2477 adscripta
1845 2428 1926 2480 (69.

318 2494 389 2537 ‘13‘-
422 2499 503 2537 ¹76?
535 2494 604 2549 79)
635 2499 699 2536 vel
729 2499 871 2536 omissa
899 2493 1004 2548 (71).
1063 2496 1123 2534 Ad
1153 2497 1258 2534 idem
1288 2507 1412 2544 genus
1449 2498 1612 2535 fortasse
1642 2499 1839 2545 pertinent
1879 2502 1929 2537 70

283 2566 338 2607 H·
364 2566 431 2606 οο.
457 2567 529 2616 109.
554 2568 646 2612 IIII,
686 2570 736 2606 82
769 2568 813 2604 L.
839 2568 947 2604 Rusti
978 2566 1112 2615 Optati
1142 2578 1167 2603 a
1197 2578 1287 2611 m..,
1327 2569 1376 2604 83
1411 2566 1457 2602 D.
1487 2566 1579 2603 Tad.
1606 2567 1672 2604 Po.

150 2636 324 2697 ‘mo
359 2643 472 2680 cuius
501 2645 612 2680 erant
641 2642 880 2680 funditores:
938 2642 964 2679 l.
990 2642 1070 2679 XII
1100 2644 1167 2686 81,
1205 2641 1231 2678 l.
1257 2641 1336 2677 XII
1363 2642 1505 2677 victriae
1538 2644 1603 2688 80,
1642 2641 1670 2678 l.
1694 2643 1771 2689 XI;
1806 2643 1934 2680 divom

156 2695 357 2755 Qum
387 2712 440 2749 '77
472 2713 512 2749 et
541 2711 569 2749 l.
594 2711 672 2759 XI;
709 2712 789 2748 div.
813 2711 889 2748 Iul.
916 2713 985 2759 78,
1020 2711 1047 2747 i.
1074 2721 1108 2747 e.
1136 2710 1266 2747 divom
1295 2709 1434 2747 Iulium
1464 2710 1701 2747 ulciscamur
1729 2711 1793 2747 vel
1824 2713 1936 2748 simi-

133 2817 144 2826 „
154 2775 326 2842 fiper,
368 2779 473 2828 quod
513 2779 678 2818 fortasse
708 2791 728 2817 a
759 2778 947 2818 militibus
983 2782 1073 2826 post
1107 2779 1284 2816 Caesaris
1314 2789 1451 2816 necem
1483 2779 1739 2816 exclamatum
1770 2781 1936 2818 nominis

84 2860 86 2863 ’
123 2827 190 2891 ’ξ’
180 2822 418 2890 Memfim
448 2849 570 2886 instar
598 2848 774 2886 additum
805 2852 875 2885 est.
940 2848 1143 2895 Nusquam
1179 2847 1419 2884 funditorum
1455 2846 1595 2885 cohors
1633 2843 1800 2898 (Caesar.
1826 2849 1867 2887 b.
1894 2861 1930 2886 c.

175 2934 191 2937 ⁶
222 2942 258 2970 ,
277 2917 313 2956 6
338 2908 425 2969 ᾗ)
386 2920 409 2956 3
460 2921 528 2955 aut
557 2918 616 2955 ala
653 2912 792 2968 (Valer.
819 2918 919 2955 Max.
946 2920 985 2966 2,
1014 2919 1037 2954 7
1070 2911 1156 2967 §9)
1192 2917 1377 2963 inscripta
1408 2919 1483 2953 est.

178 2983 281 3049 ¹2:1⁸?-
347 2993 512 3031 tiones
533 2995 572 3030 et
601 2993 900 3039 imprecationes
930 2993 1019 3030 ioco
1049 2991 1203 3029 militari
1225 2992 1370 3029 factae:
1425 2992 1472 3029 L.
1490 2992 1630 3029 Antoni
1650 2992 1769 3037 calve,
1802 2995 1938 3041 peristi

129 3048 213 3100 *ff
205 3060 260 3109 U
285 3008 460 3103 Unesart‘s
487 3062 654 3099 victoria
686 3063 754 3106 65,
789 3060 877 3097 alia.

196 3162 436 3215 temones
455 3168 722 3203 memorantur
740 3163 836 3202 hae·
884 3165 1049 3201 111169.
1077 3166 1143 3210 το,
1176 3164 1310 3201 V172.
1335 3164 1404 3208 ¹73,
1436 3158 1932 3214 (V1175‘?)‚X176—78,

193 3218 285 3312 581
322 3233 541 3281 eademque
571 3234 714 3271 victv-im
748 3233 941 3281 appellata
976 3235 1043 3271 80.
1107 3232 1294 3268 Fulminis
1332 3233 1482 3279 insigne
1523 3232 1709 3279 exemplis
1747 3232 1836 3268 XIII
1872 3243 1940 3269 re-

257 3302 420 3341 fimum
461 3306 521 3340 est
557 3297 608 3353 (n.
648 3304 724 3339 104
766 3302 850 3339 sine
891 3295 1177 3349 inscriptione),
1223 3311 1388 3347 quorum
1431 3311 1520 3338 cum
1560 3304 1627 3338 63.
1666 3304 1848 3339 66—68.
1886 3303 1936 3339 77

222 3410 238 3418 ,,
295 3387 298 3402 2
321 3381 450 3410 orum
481 3382 570 3409 esse
598 3374 761 3419 constet,
799 3371 903 3408 idem
923 3370 1180 3417 probabiliter
1199 3373 1390 3406 statuetur
1416 3369 1465 3406 de
1496 3371 1652 3407 ceteris.
1715 3369 1942 3407 Antonianis

177 3424 404 3490 ''Q-certo
441 3444 607 3490 possunt
646 3439 806 3488 glandes
840 3443 908 3479 52.
946 3443 1014 3478 53.
1052 3443 1122 3477 58.
1160 3441 1226 3475 61.
1260 3440 1331 3484 62;
1376 3438 1490 3486 longe
1529 3439 1662 3486 plures
1701 3439 1941 3476 Caesarianis

143 3480 202 3518 :gy-st*
210 3489 217 3495 1
