2242 3776
780 275 994 309 GLANDES
1019 275 1227 310 SPVRIAE.
1836 271 1900 319 93

172 402 342 441 dotano
357 403 547 438 hominum
573 411 760 436 sermones
776 402 1034 443 excitarentur,
1054 420 1102 426 -—
1119 403 1350 443 Garruccius‚
1379 404 1541 447 inquam,
1562 407 1625 448 qui
1650 406 1752 448 prius
1775 406 1820 441 de
1837 407 1906 441 hac

175 462 180 466 ’
218 476 233 487 ⁴·
254 476 261 489 ι
279 459 335 502 't‚
360 460 482 504 paullo
504 461 587 504 post
611 460 648 492 in
669 458 794 494 Civile&
809 459 979 499 catt.X‚t
1003 460 1100 501 (Dec.
1118 461 1220 502 4877)
1248 464 1361 503 ρ.74ο
1378 470 1456 505 sqq.
1485 465 1521 495 et
1545 463 1590 504 X,
1613 466 1631 496 5
1661 463 1780 505 (Mart.
1803 466 1902 506 4878)

82 509 329 565 ssfi‘mmqq.
358 517 405 552 de
431 517 624 560 glandibus
654 516 703 552 ab
729 516 874 551 falsario
906 516 1087 550 Asculano
1120 526 1238 560 nuper
1264 514 1475 562 ‘impressis'
1505 520 1689 554 disserens
1724 521 1784 556 illa
1813 531 1906 565 quae

79 573 83 575 ’
115 575 130 577 ’
214 575 322 615 „dixi
351 574 613 609 commentaria
645 583 718 607 non
744 574 977 614 memoravit,
1020 573 1084 606 sed
1114 575 1218 616 quasi
1243 575 1320 618 ipse
1344 577 1486 619 primus
1516 577 1712 612 detexisset
1743 578 1906 613 fraudem

226 634 288 676 qt,
325 633 476 676 insuper
500 632 561 673 iis,
598 639 691 674 quae
715 639 782 665 nos
812 631 849 664 in
883 631 974 664 Bull.
1003 630 1079 664 dell¹
1111 632 1195 666 Just.
1226 635 1312 665 4877
1338 642 1374 676 p.
1397 636 1463 666 472
1480 642 1560 677 sqq.
1588 644 1632 668 ex
1651 635 1907 670 effossionibus

87 710 106 725 ,
206 709 225 729 χ
261 690 421 735 petuisse
438 689 667 728 dixeramus,
694 688 731 721 in
749 687 1010 721 dubitationem
1028 697 1160 721 vocare
1185 698 1294 722 ausus
1320 690 1416 723 iusto
1433 693 1648 733 argumento
1673 693 1774 726 nullo
1799 693 1907 727 allato

188 756 286 795 qnae
308 747 385 783 dixi
408 746 454 781 ad
479 755 516 779 ιι.
539 749 578 779 4ο
597 755 762 788 quaeque
787 744 1003 779 Gabriellius
1029 747 1158 779 contra
1175 746 1416 780 Garruccium
1431 747 1603 782 disseruit
1626 750 1663 782 in
1688 751 1770 793 eph.
1790 747 1910 785 Ascu-

116 805 154 812 ”’
187 804 326 845 210'000
345 805 402 839 dol
428 804 553 838 Promo
577 806 619 836 23
639 804 723 837 Dec.
749 802 866 844 4877).
917 803 1017 836 Idem
1041 805 1162 836 autem
1188 803 1408 838 Garruccius
1432 806 1528 838 inter
1560 807 1699 848 primos
1724 806 1808 847 suit,
1846 809 1908 850 qui

95 859 107 875 ”’
171 867 174 870 ’
204 871 306 908 pro
337 862 506 906 genuinis
535 860 716 894 ediderint
753 861 797 903 (v.
828 860 874 893 ad
899 869 934 893 n.
957 857 1096 903 84*·'5);
1134 861 1373 903 quadraginta
1406 862 1555 904 glandes
1586 864 1664 906 ipse
1699 865 1905 907 adquisivit,

95 912 101 922 ¹
199 929 251 957 ι
281 919 429 955 falsario
457 918 637 952 Asculano
666 913 884 961 ‘impressas’
919 926 999 951 esse
1038 919 1162 960 postea
1197 919 1372 952 intellexit
1402 920 1545 962 (Civiltd
1568 921 1612 962 X,
1634 923 1651 954 4
1678 931 1712 965 p.
1741 925 1800 954 744
1832 932 1905 966 sq.;

168 987 240 1027 p
260 977 362 1020 ⁷⁸8),
386 969 523 1010 indicia
545 973 710 1008 falsitatis
732 976 807 1008 tam
830 983 1002 1008 cusat-um
1028 984 1139 1017 quam
1163 976 1367 1009 ceterarum
1392 985 1510 1019 neque
1534 981 1706 1012 accurate
1734 980 1907 1014 indicavit

216 1034 396 1071 videtur
419 1033 508 1068 satis
524 1033 688 1066 novisse:
715 1041 800 1066 nam
818 1033 855 1065 in
872 1031 1016 1074 Sylloge
1033 1042 1065 1065 a.
1088 1035 1175 1065 4877
1196 1041 1250 1076 sq
1270 1042 1343 1067 non
1361 1034 1479 1067 solum
1497 1034 1607 1069 falsas
1627 1038 1744 1070 musei
1759 1038 1909 1071 Kirche-

82 1131 83 1134 Ἰ
114 1135 116 1138 y
181 1102 250 1129 n.
270 1091 315 1126 ⁴*
328 1100 410 1135 sqq.
400 1115 426 1133 .‚
453 1098 674 1134 quamquam
692 1090 725 1123 ei
742 1090 837 1122 inter
853 1090 1093 1133 paucissimos
1109 1099 1175 1133 per
1193 1091 1325 1124 multos
1342 1099 1458 1125 annos
1482 1101 1542 1126 eas
1560 1093 1767 1127 examinare
1792 1095 1910 1127 licue-

82 1139 124 1181 ‘1³³7
155 1171 209 1211 9
246 1158 378 1185 verum
401 1148 622 1183 etiamtunc
652 1147 744 1181 adeo
776 1155 883 1180 cusas
915 1147 1089 1190 quasdam
1115 1148 1160 1189 (n.
1183 1145 1250 1181 68*
1270 1149 1324 1183 44,
1346 1151 1402 1190 20,
1432 1148 1499 1181 69*
1516 1151 1573 1191 38,
1602 1150 1666 1183 87*
1686 1154 1699 1183 4
1723 1151 1815 1194 sqq.)
1846 1161 1910 1195 pro

98 1235 108 1248 .
229 1209 277 1242 -is
299 1207 425 1242 edidit.
451 1223 499 1230 —
522 1205 592 1239 Sed
618 1204 728 1238 redeo
752 1205 798 1238 ad
823 1205 938 1247 ipsam
962 1214 1054 1238 rem.

88 1246 163 1321 ‘t
159 1263 324 1306 ᾍδουινι
355 1263 520 1308 quaestio
553 1271 626 1296 non
658 1262 776 1306 potuit
808 1262 878 1295 nisi
908 1262 1084 1304 patefacta
1122 1263 1198 1305 ipsa
1231 1262 1415 1304 glandium
1454 1264 1592 1306 origine
1629 1268 1665 1299 et
1698 1268 1911 1301 examinatis

94 1321 142 1358 ’ἐ
169 1334 172 1337 ·
199 1339 201 1341 -
221 1341 234 1353 »
273 1321 442 1367 inprimis
464 1320 614 1355 Italicis.
653 1320 817 1362 Vtroque
841 1328 992 1353 munere
1018 1319 1108 1352 mihi
1131 1319 1178 1353 ab
1202 1320 1370 1354 Instituto
1395 1323 1519 1354 nostro
1543 1323 1819 1366 archaeologico
1845 1325 1913 1359 de-

233 1416 236 1417 .
264 1396 269 1409 ι
310 1378 526 1424 perfunctus
559 1386 642 1412 sum
679 1377 764 1410 inde
801 1376 847 1410 ab
884 1385 980 1410 anno
1007 1379 1108 1410 4877.
1159 1377 1203 1410 Et
1234 1377 1366 1411 Asculi
1393 1379 1542 1420 quidem
1574 1389 1606 1413 a.
1630 1383 1717 1413 4877
1750 1382 1911 1424 primum

155 1479 187 1485 ,ἢ
262 1465 265 1468 ⁴
286 1446 320 1472 s
342 1438 381 1471 et
403 1445 471 1479 ego
495 1434 690 1469 effossione
714 1435 750 1467 in
776 1434 971 1468 Castellani
996 1435 1099 1467 alveo
1124 1434 1288 1468 instituta
1314 1436 1584 1478 inquisivimus,
1612 1438 1740 1480 quales
1764 1439 1910 1473 tandem

101 1484 114 1543 ι’
186 1486 190 1491 ’
224 1510 248 1526 ..;
283 1489 335 1530 ibi
365 1494 615 1538 reperirentur
638 1494 701 1525 aut
731 1501 804 1525 non
834 1492 1084 1535 reperirentur
1112 1491 1170 1533 (cf.
1199 1492 1292 1525 Bull.
1312 1492 1390 1526 dell'
1410 1493 1494 1527 [πει.
1514 1496 1602 1527 4877
1628 1504 1664 1537 p.
1687 1498 1752 1528 472
1771 1505 1850 1539 sqq.
1875 1500 1912 1531 et

172 1561 174 1563 ,
240 1562 278 1599 ι),
298 1555 319 1587 5
337 1547 445 1596 sqq.).
497 1550 636 1584 Deinde
669 1550 798 1583 eodem
824 1558 920 1583 anno
946 1549 1071 1583 Asculi
1096 1549 1142 1583 ab
1167 1550 1295 1583 amicis
1321 1551 1445 1593 peritis
1473 1551 1621 1585 adiutus
1648 1553 1812 1595 diligenti
1854 1556 1908 1588 in-

166 1614 183 1618 ”
206 1632 222 1649 .>
254 1617 343 1644 mne
371 1609 497 1649 effeci,
529 1609 572 1642 ut
596 1608 800 1642 certissime
834 1609 1038 1648 constaret,
1073 1608 1156 1650 quis
1186 1609 1282 1641 esset
1309 1609 1518 1651 spuriarum
1552 1609 1697 1643 illarum
1722 1611 1910 1653 glandium

85 1658 97 1668 “
123 1702 131 1708 ,.
163 1653 187 1710 ,’
243 1692 254 1711 ,
286 1667 352 1711 qui
383 1667 465 1701 eius
492 1666 603 1707 socii,
630 1666 799 1709 inprimis
822 1666 854 1698 is
878 1666 940 1708 qui
966 1665 1123 1698 Parisios
1147 1665 1393 1706 vendidisset,
1421 1666 1579 1709 denique
1613 1669 1711 1710 quali
1744 1668 1911 1704 falsarius
1942 1687 1945 1689 -

76 1718 102 1766 g}
193 1727 306 1763 ¹osset
321 1723 523 1759 fabricandi
539 1723 708 1758 artificio.
734 1723 786 1756 De
804 1723 954 1765 singulis
973 1723 1062 1756 satis
1080 1725 1134 1756 est
1151 1732 1458 1758 commemorasse
1476 1724 1580 1760 haec.
1617 1726 1778 1768 Cognovi
1796 1728 1912 1761 Ascu-

122 1823 128 1837 .
187 1800 190 1808 ·
212 1800 216 1813 «
249 1782 448 1828 quendam,
474 1781 536 1825 qui
561 1780 756 1823 Iosephum
782 1778 996 1814 Vinc'enzini
1024 1780 1071 1823 (in
1098 1781 1179 1813 vico
1204 1780 1369 1815 Carassai
1395 1783 1532 1824 natum)
1560 1783 1596 1815 in
1624 1784 1738 1826 ipsius
1763 1785 1912 1818 taberna

83 1833 93 1840 ’
130 1832 161 1845 ’
211 1857 225 1870 -·
242 1856 248 1870 >z
277 1840 513 1875 incudentem
527 1838 669 1872 viderat
690 1838 735 1871 de
754 1847 870 1881 eaque
895 1847 935 1871 re
953 1847 1141 1871 sermones
1158 1847 1241 1871 cum
1267 1839 1331 1872 illo
1351 1838 1502 1882 fecerat;
1531 1840 1627 1874 idem
1646 1842 1734 1874 mihi
1752 1844 1912 1876 cusionis

231 1914 248 1927 η
279 1897 467 1936 indicavit.
485 1905 596 1940 quem
612 1904 741 1930 verum
758 1904 838 1929 esse
856 1896 1146 1939 experimentum
1163 1905 1183 1929 a
1201 1896 1307 1930 nobis
1325 1898 1445 1930 statim
1462 1897 1598 1931 factum
1617 1907 1789 1933 successu
1815 1899 1912 1934 felici

207 1955 370 2004 ffbnvit.
403 1972 449 1979 —
481 1948 687 1989 Canonicus
715 1954 865 1996 quidam
891 1954 1113 1994 AsculanuS,
1147 1955 1204 1986 vir
1227 1956 1377 1987 sanctus
1402 1956 1437 1988 et
1461 1955 1608 1996 doctus,
1644 1957 1733 1989 mihi
1759 1958 1909 1998 rettulit,

84 2056 88 2059 .
135 2055 138 2058 .
159 2051 179 2055 ,,
216 2028 231 2043 w
256 2013 379 2048 nium
394 2011 613 2054 DesJ'ardinii
635 2010 809 2045 fasciculo
825 2010 871 2044 ad
888 2010 1038 2052 glandes
1056 2012 1233 2054 spectanti
1257 2013 1376 2054 primo
1393 2012 1558 2055 inspecto
1583 2014 1755 2047 miratum
1782 2024 1912 2058 magno

160 2063 162 2066 ’
194 2080 197 2081 ’
238 2079 321 2107 esse
343 2071 381 2104 et
402 2071 572 2114 questum
590 2078 737 2113 quoque
761 2069 806 2102 de
830 2070 929 2102 tanta
945 2069 1111 2102 doctrina
1134 2071 1304 2112 tantaque
1321 2070 1477 2113 pecunia
1500 2071 1538 2103 in
1564 2071 1640 2104 suis
1661 2072 1911 2114 (Vincenzinii)

185 2129 320 2167 :ntis
341 2127 476 2163 trustra
500 2128 713 2171 consumpta
740 2127 1088 2170 inscriptionumque
1121 2135 1271 2161 suarum
1302 2137 1431 2170 magna
1465 2129 1567 2171 parte
1602 2130 1698 2162 male
1730 2130 1820 2163 lecta
1855 2132 1914 2164 in-

84 2175 134 2235 ,J'
247 2195 319 2228 ve,
352 2186 442 2221 alias
465 2187 588 2220 autem
613 2186 819 2226 monuisse,
857 2184 925 2218 sibi
954 2185 1211 2227 (Vincenzinio)
1239 2185 1346 2228 plane
1372 2186 1532 2227 ignotas,
1567 2188 1716 2220 omnino
1741 2187 1914 2222 confictas

210 2255 232 2281 ε
255 2242 797 2288 Desjardinio‚fa1sariumque
823 2244 944 2286 ipsum
967 2243 1004 2275 in
1030 2244 1151 2276 animo
1177 2243 1369 2283 habuisse,
1398 2244 1443 2277 de
1469 2253 1509 2276 ea
1535 2253 1575 2277 re
1599 2245 1644 2278 ad
1670 2245 1768 2278 hunc
1793 2247 1913 2289 ipsum

75 2302 102 2340 f
135 2342 138 2343 ⁷
214 2313 280 2339 e.
325 2302 399 2337 sed
422 2301 497 2336 hoc.
517 2302 552 2334 ei
577 2301 779 2334 canonicus
803 2300 882 2342 ille,
916 2299 1133 2343 professoris
1159 2301 1312 2333 Parisini
1338 2302 1569 2335 miseratione
1594 2303 1773 2348 quadam
1777 2305 1911 2343 motus,

69 2353 87 2403 ²}
92 2357 291 2408 mi
339 2359 383 2394 Id
406 2359 507 2403 quod
531 2367 619 2392 sane
644 2358 842 2392 dolendum
873 2360 938 2390 est.
988 2358 1082 2391 Nam
1113 2359 1299 2400 proposito
1324 2367 1367 2391 eo
1400 2358 1554 2392 honesto
1579 2359 1722 2393 abiecto
1748 2359 1914 2395 falsarius

70 2417 246 2466 lim
277 2416 385 2458 aruit,
418 2418 460 2451 ut
482 2415 752 2458 Desjardinium
785 2424 804 2448 a
837 2415 1081 2448 continuanda
1113 2415 1271 2449 editione
1296 2415 1512 2457 deterreret,
1548 2419 1589 2450 ut
1612 2417 1811 2460 praeferret
1834 2419 1914 2452 viro

68 2482 101 2522 ᾗς
86 2455 320 2526 {mmo
349 2482 565 2509 succurrere
595 2472 788 2515 glandibus
819 2472 1041 2515 quibusdam
1067 2473 1211 2506 excusis
1237 2472 1292 2515 (cf.
1311 2482 1346 2516 p.
1369 2476 1412 2505 96
1438 2474 1507 2507 sub
1532 2475 1588 2516 2),
1625 2484 1717 2517 quae
1742 2475 1915 2509 lectiones

75 2529 95 2571 ².
102 2527 406 2579 minimas
441 2531 550 2566 falsas
581 2531 793 2565 exhiberent
829 2530 876 2572 (id
914 2531 1012 2573 quod
1050 2531 1279 2564 conieceram
1313 2532 1525 2565 Monatsber.
1559 2534 1647 2565 4876
1680 2541 1716 2575 p.
1748 2534 1912 2572 66—68).

88 2608 155 2628 -,-
174 2591 272 2633 Quid
293 2589 394 2634 quod
417 2589 675 2623 Vincenzinius
699 2597 738 2622 se
764 2589 883 2631 ipsum
909 2588 1107 2630 aliquando
1133 2597 1198 2621 suo
1232 2588 1387 2622 artificio
1412 2589 1607 2632 deceptum
1633 2598 1713 2624 esse
1738 2599 1811 2623 non
1836 2591 1914 2623 sine

71 2628 277 2698 smne
307 2647 551 2692 praedicavit;
586 2646 755 2689 glandem
788 2647 885 2679 enim
911 2646 1094 2689 quandam
1132 2646 1364 2689 inscriptam,
1404 2656 1513 2689 quam
1542 2656 1563 2680 a
1592 2649 1730 2681 rustico
1755 2649 1914 2690 quodam

67 2712 159 2768 ᾗ.)
175 2723 190 2732 >1
216 2713 302 2741 nam
326 2705 493 2739 iudicans
509 2704 671 2744 emisset,
697 2705 820 2746 postea
846 2703 995 2736 demum
1021 2712 1059 2736 se
1084 2703 1306 2736 intellexisse
1333 2704 1606 2746 inscriptionem
1635 2704 1680 2737 ab
1705 2707 1820 2738 semet
1837 2706 1914 2747 ipso

76 2761 162 2799 --ἑιΐ
179 2781 205 2793 ⁷.
236 2771 273 2797 m
297 2762 468 2797 exhibere
493 2762 668 2810 narravit.
695 2779 743 2785 —
774 2761 824 2794 Ac
849 2761 940 2794 scite
965 2769 1074 2802 sane,
1113 2762 1143 2794 si
1168 2762 1250 2804 quis
1275 2761 1471 2803 aliquando
1497 2761 1542 2794 de
1568 2762 1709 2804 glandis
1736 2762 1915 2803 (videlicet

88 2801 355 2865 :wionis
378 2819 538 2858 incusae)
558 2819 767 2852 sinceritate
791 2818 987 2858 dubitavit,
1023 2818 1083 2851 ille
1109 2818 1233 2851 Fidem
1258 2827 1396 2860 meam,
1433 2820 1572 2861 inquit,
1600 2819 1721 2861 obligo
1746 2819 1914 2861 glandem

79 2874 292 2922 ᾉΝιφιοιιι
325 2885 427 2918 οοοος
462 2877 668 2920 insipientis
692 2878 747 2909 est
772 2876 998 2909 mehercules
1023 2876 1186 2919 spuriam
1211 2876 1386 2910 iudicare.
1414 2894 1459 2899 —-
1483 2877 1603 2909 Etiam
1637 2885 1808 2909 nummos
1841 2878 1914 2909 tam

86 2931 275 2978 moe
305 2943 417 2979 quam
451 2935 499 2977 (in
531 2934 666 2977 quibus
699 2934 966 2977 cognoscendis
1000 2933 1160 2967 studium
1194 2933 1258 2966 diu
1283 2933 1535 2974 collocaverat)
1575 2935 1744 2976 antiquos
1783 2935 1915 2967 imitari

80 3023 81 3026 ,
211 3001 253 3026 ο
277 2991 441 3028 callebat.
481 2992 548 3026 Cui
564 2992 763 3026 canonicus
789 2991 847 3024 ille
879 3000 962 3024 cum
980 2991 1164 3034 quondam
1191 3000 1381 3024 nummum
1407 3000 1563 3025 aeneum
1581 2991 1782 3024 Romanum
1811 2994 1916 3025 uten-

81 3038 114 3079 2¹²5·
147 3066 190 3079 -u
229 3049 411 3092 dedisset,
448 3050 627 3093 postridie
660 3050 695 3082 in
728 3050 807 3082 eius
834 3048 976 3082 officina
1009 3057 1088 3082 rem
1121 3057 1224 3081 suam
1257 3049 1477 3091 repetiturus
1509 3049 1706 3082 duodecim
1739 3050 1808 3081 iam
1845 3049 1915 3082 alia

75 3097 183 3149 ’λιν-ν
217 3108 360 3142 nummi
391 3107 614 3151 exemplaria
638 3116 658 3139 a
678 3107 912 3140 Vincenzinio
939 3105 1052 3140 efficta
1079 3106 1218 3139 invenit
1234 3107 1271 3139 et
1305 3108 1404 3140 tanta
1429 3107 1578 3148 quidem
1604 3109 1680 3139 arte
1711 3106 1850 3146 efficta,
1876 3108 1918 3139 ut

87 3166 107 3202 7-
185 3166 351 3209 typum
375 3164 534 3199 discerni
559 3173 632 3198 non
656 3166 781 3207 posset
805 3164 876 3198 nisi
901 3173 945 3197 ex
970 3164 1073 3206 signo
1106 3163 1265 3205 quodam
1290 3164 1454 3203 occulto,
1495 3163 1595 3206 quod
1620 3163 1788 3196 falsarius
1811 3165 1914 3196 antea

86 3207 149 3258 63}ss
176 3224 355 3267 ‹⁷÷ps.erat
387 3239 435 3247 —·
463 3221 516 3255 Ex
542 3221 786 3255 bibliothecae
820 3221 1051 3264 municipalis
1083 3221 1284 3254 Asculanae
1310 3221 1426 3254 diario
1463 3229 1546 3253 cum
1573 3221 1796 3259 didicissem,
1823 3228 1916 3262 quos

92 3284 94 3286 ’
119 3271 154 3308 *J
192 3294 218 3309 ·:
263 3280 523 3314 Vincenzinius
560 3279 718 3313 utendos
758 3279 974 3322 accepisset,
1022 3279 1059 3311 in
1100 3279 1143 3311 iis
1188 3279 1331 3321 repperi
1374 3278 1574 3311 indicatum
1622 3279 1731 3311 etiam
1767 3277 1914 3310 Cohenii

183 3397 214 3439 4)
250 3394 323 3429 Has
353 3395 473 3428 musei
498 3394 723 3428 Kirche'riani
757 3393 906 3436 glandes
940 3393 1047 3427 falsas
1080 3401 1159 3426 esse
1192 3402 1256 3435 ego
1290 3394 1376 3426 tunc
1408 3392 1637 3433 detexeram,
1674 3392 1739 3425 sed
1772 3391 1817 3424 de
1850 3391 1916 3424 hac

7 3491 9 3498 y
76 3438 260 3520 τῇσιὰοιιι
283 3454 331 3480 re
348 3445 436 3514 nihil
461 3454 544 3479 cum
571 3454 757 3488 quoquam
781 3447 1150 3479 communicaveram.
