2210 3788
316 338 386 368 XII
1072 329 1336 361 PRAEFATIO.

317 445 474 497 0‚0075
508 458 562 483 m.
596 445 678 483 alta
709 449 828 494 sunt,
871 442 1084 494 glandium
1122 443 1250 494 igitur
1279 441 1510 482 crassitudo
1542 442 1719 480 maxima
1751 448 1840 480 erat
1874 441 2000 490 0,045
2033 453 2090 480 m.

317 514 590 565 Inscriptione
621 512 722 550 haec
745 510 917 562 quidem
947 511 1151 562 particula
1174 517 1301 549 caret.
1356 510 1512 550 Similis
1543 515 1606 548 est
1627 509 1765 549 Sicula
1798 509 1931 560 glans,
1965 520 2092 560 quam

317 580 489 619 exhibet
527 579 689 618 Salinas
729 575 884 618 Annali
913 578 952 617 d.
988 579 1089 618 Inst.
1135 578 1242 617 4878
1284 577 1366 618 tab.
1394 578 1474 629 1²2,
1509 590 1550 629 p.
1577 577 1647 617 32.
1690 599 1748 606 --
1785 577 1887 616 Cum
1938 576 2094 616 multae

317 647 530 698 glandium
576 659 599 686 a
630 659 696 686 me
727 646 1058 686 examinatarum
1089 652 1172 686 tam
1196 647 1376 686 Graecae
1408 657 1533 697 quam
1559 646 1724 684 Latinae
1756 645 1979 685 ostendant
2010 643 2096 684 for-

316 728 407 754 mae
438 727 536 754 suae
568 714 774 766 foramen,
811 726 892 766 quo
923 714 1141 766 plumbum
1187 712 1510 765 infundebatur,
1548 726 1629 752 non
1663 714 1705 752 in
1736 713 1867 753 latere
1905 712 1964 765 (ut
1995 713 2037 752 in
2061 711 2089 764 1)

316 782 391 822 sed
423 782 464 821 in
496 782 639 822 aculeo
670 781 835 834 glandis
867 782 996 822 fuisse
1035 781 1101 834 (cf.
1135 795 1176 834 p.
1202 782 1255 820 XI
1287 780 1471 834 priua),
1516 781 1652 821 adieci
1684 780 1889 820 eiusmodi
1921 780 2090 832 formae,

316 851 452 902 qualis
484 849 571 889 fere
613 850 741 889 fuisse
771 849 978 900 videatur,
1022 850 1242 901 imaginem
1276 862 1297 888 a
1329 862 1395 888 me
1432 848 1611 888 effictam
1648 847 1731 902 (fig.
1758 848 1842 901 111).
1914 850 1994 890 vix
2034 854 2097 889 est

316 917 427 970 quod
449 929 651 970 moneam,
688 923 772 957 tam
802 918 845 956 in
877 917 993 956 illius
1024 929 1148 968 quam
1181 918 1223 956 in
1255 918 1380 957 huius
1411 917 1491 956 ima
1514 923 1647 969 parte,
1686 917 1726 956 in
1759 929 1839 968 qua
1872 916 1954 957 duo
1986 915 2096 956 fora-

317 986 428 1025 mina
460 997 480 1024 e
511 978 691 1037 eXempli
724 986 855 1038 gratia
888 984 1081 1035 exhibui,
1118 985 1333 1037 singulare
1364 984 1558 1025 sufficere
1591 985 1632 1023 in
1664 984 1802 1024 media
1832 990 1950 1037 parte
1983 985 2098 1025 inse-

317 1053 510 1093 rendum.
547 1075 598 1083 —-
637 1051 778 1093 Asculi
820 1052 874 1092 ad
918 1059 1078 1105 portam
1125 1053 1333 1105 geminam
1371 1054 1595 1092 Romanam
1637 1059 1678 1092 et
1709 1052 1919 1092 fornacem
1960 1058 2001 1092 et
2031 1052 2100 1092 in-

315 1127 545 1162 strumenta
577 1120 793 1173 glandium
824 1120 1160 1160 fabricandarum
1193 1121 1364 1161 inventa
1396 1133 1487 1160 esse
1519 1120 1674 1160 ferunt.
1740 1120 1859 1168 Quod
1890 1121 1925 1160 si
1956 1127 2096 1165 tamen

315 1202 462 1229 verum
496 1195 576 1240 est,
612 1189 689 1228 hoc
720 1194 881 1228 constat
912 1201 959 1228 ea
992 1190 1270 1228 instrumenta
1301 1201 1438 1240 neque
1470 1202 1493 1228 a
1524 1201 1733 1241 quoquam
1765 1188 1975 1242 descripta
2004 1201 2097 1229 esse

314 1269 453 1308 neque
483 1255 556 1296 ubi
588 1269 701 1296 nunc
733 1262 910 1308 exstent,
947 1256 1155 1308 explorari
1176 1257 1374 1308 potuisse,
1410 1257 1561 1309 ligulas
1592 1263 1728 1297 autem
1760 1258 1954 1306 aheneas,
1989 1269 2098 1310 quae

314 1323 513 1364 dicuntur
554 1323 650 1363 inde
692 1325 941 1376 provenire,
990 1323 1127 1364 fraudi
1170 1324 1357 1364 noviciae
1399 1323 1560 1364 deberi.
1644 1324 1747 1365 Vide
1789 1337 1898 1377 quae
1939 1324 1991 1365 de
2031 1324 2098 1364 his

315 1391 402 1431 dixi
434 1405 475 1444 p.
499 1393 523 1430 6
547 1404 610 1444 sq.

428 1461 572 1500 Forma
605 1472 679 1500 sua
700 1459 934 1501 Asculanae
964 1459 1136 1513 glandes
1159 1461 1361 1502 differunt
1392 1475 1414 1502 a
1438 1461 1622 1513 Graecis,
1656 1460 1890 1502 minoribus
1911 1461 2099 1514 plerum—

315 1541 397 1580 que
439 1535 480 1568 et
520 1529 849 1580 elegantioribus
889 1534 932 1568 et
961 1529 1071 1568 bene
1102 1529 1408 1582 acuminatis1),
1456 1543 1478 1569 a
1518 1530 1675 1582 quibus
1715 1530 1904 1582 proxime
1944 1529 2100 1569 absunt

315 1596 475 1636 Pisonis
506 1595 681 1647 glandes
712 1595 891 1649 Siculae,
927 1598 1052 1649 paulo
1084 1598 1249 1650 longius
1275 1598 1568 1638 Perusinarum
1600 1597 1821 1650 quaedam,
1857 1610 2099 1638 CAESAR-mr

319 1663 374 1717 (n.
402 1664 467 1718 63)
505 1671 547 1704 et
577 1677 792 1704 RVFVS-uvir
830 1663 884 1717 (n.
911 1665 977 1717 68)
1016 1666 1257 1718 inscriptae.
1301 1667 1385 1705 Hae
1416 1665 1659 1719 amygdalae
1689 1666 1839 1706 nucleo
1861 1672 1934 1706 aut
1964 1666 2094 1718 oleae,

314 1732 546 1772 Asculanae
587 1733 737 1784 prunis
776 1733 865 1772 fere
895 1734 1054 1773 similes
1085 1739 1196 1785 sunt,
1240 1734 1512 1786 quamobrem
1543 1735 1668 1786 vulgo
1695 1746 1864 1788 pruyna
1893 1734 2098 1786 appellari

314 1801 448 1840 solent
485 1800 699 1852 (Gabrielli
722 1801 832 1841 Bull.
857 1797 946 1841 dell’
972 1803 1072 1842 Inst.
1102 1801 1209 1841 4879
1233 1815 1274 1854 p.
1305 1802 1417 1855 494).
1472 1803 1670 1855 Reliquas
1700 1802 1926 1843 formarum
1957 1802 2098 1843 varie-—

314 1874 434 1920 tates,
470 1881 574 1920 quas
606 1869 756 1908 multas
797 1869 906 1908 sicut
937 1868 1117 1910 Graecae
1148 1871 1203 1910 ita
1234 1871 1400 1909 Latinae
1439 1870 1614 1923 glandes
1645 1871 1865 1923 exhibent,
1911 1871 2098 1922 singulas

314 1938 355 1976 h.
401 1938 428 1975 l.
475 1936 713 1976 describere
759 1937 865 1976 nihil
911 1940 1082 1991 attinet,
1139 1939 1384 1990 praesertim
1424 1951 1519 1978 cum
1564 1940 1791 1979 multarum
1832 1939 1990 1992 figurae
2036 1945 2101 1978 ta-

314 2005 427 2044 bulis
457 2006 610 2044 nostris
651 2011 989 2057 repraesentatae
1021 2006 1118 2046 sint.
1182 2006 1397 2058 Plerisque
1436 2007 1561 2047 binae
1591 2014 1690 2048 sunt
1721 2008 1954 2060 margines,
1989 2020 2098 2060 quae

315 2072 575 2125 respondent
604 2073 717 2113 binis
749 2073 975 2113 formarum
996 2074 1211 2126 partibus;
1248 2073 1459 2126 margines
1490 2074 1576 2115 fere
1608 2075 1762 2115 desunt
1795 2075 1860 2125 iis,
1895 2087 2017 2127 quae,
2051 2081 2099 2116 ut

314 2141 445 2192 oleae,
479 2140 734 2180 orbiculatae
766 2148 865 2181 sunt
894 2142 934 2180 in
966 2148 1085 2194 parte
1116 2142 1266 2183 media.
1327 2143 1557 2183 Nonnullae
1589 2144 1808 2196 quaternis
1839 2143 2100 2196 marginibus

315 2207 357 2247 in
390 2215 616 2260 quaternas
657 2221 777 2248 areas
819 2210 929 2249 inter
968 2223 1012 2250 se
1054 2210 1142 2250 fere
1179 2210 1375 2262 aequales
1414 2210 1574 2251 divisae
1616 2217 1715 2251 sunt
1753 2211 1808 2262 (n.
1835 2212 1901 2251 40.
1930 2212 1997 2252 53.
2024 2211 2094 2251 55.

314 2276 383 2316 58.
410 2277 477 2316 59.
506 2278 589 2317 60⁶?
610 2279 677 2318 66.
704 2277 772 2317 75.
800 2278 869 2318 80.
895 2279 965 2319 82.
992 2280 1060 2318 92.
1087 2280 1156 2318 94.
1182 2280 1251 2319 96.
1278 2278 1347 2318 97.
1376 2279 1470 2319 443.
1500 2278 1614 2331 448);
1652 2280 1779 2319 trium
1811 2292 2001 2320 arearum
2034 2286 2098 2320 est

314 2358 358 2384 n.
385 2346 436 2384 62
469 2358 516 2384 ac
547 2344 721 2386 fortasse
753 2353 852 2386 sunt
884 2346 936 2386 67
959 2353 1001 2387 et
1023 2348 1091 2400 69,
1127 2353 1215 2387 octo
1246 2359 1437 2387 arearum
1468 2360 1512 2387 n.
1539 2348 1608 2386 94.
1673 2348 1908 2400 Singularis
1941 2348 2097 2388 formae

315 2419 413 2453 sunt
442 2419 526 2452 tam
558 2426 599 2452 n.
626 2415 695 2454 22.
721 2415 789 2454 23.
816 2416 885 2467 39,
921 2428 1031 2468 quae
1063 2428 1163 2456 sena
1195 2416 1387 2455 acumina
1419 2415 1596 2468 habent,
1639 2427 1764 2467 quam
1795 2428 1838 2456 n.
1864 2416 1904 2456 5.
1933 2417 2001 2456 48.
2026 2417 2094 2456 42.

314 2482 384 2521 83.
412 2481 491 2522 427
521 2479 680 2535 (Add.),
716 2494 894 2534 quarum
925 2483 1100 2523 alterum
1133 2484 1242 2523 latus
1272 2484 1444 2536 planum
1476 2490 1553 2535 est,
1588 2484 1697 2523 sicut
1718 2485 1761 2523 in
1782 2484 1921 2524 Sicula
1944 2486 2099 2525 Graece

314 2550 530 2601 inscripta,
567 2562 693 2601 quam
712 2548 948 2591 Antoninus
971 2552 1134 2591 Salinas
1165 2551 1296 2592 edidit
1318 2553 1361 2591 in
1382 2550 1536 2592 Annali
1554 2552 1644 2592 dem
1664 2553 1766 2591 Inst.
1789 2551 1897 2591 4878
1916 2552 2001 2594 tab.
2023 2554 2051 2592 F
2072 2554 2097 2591 8

315 2623 357 2656 et
377 2631 420 2669 p.
445 2618 514 2669 33,
540 2624 614 2657 aut
643 2617 746 2658 adeo
783 2618 837 2671 (n.
868 2617 961 2672 427)
988 2620 1099 2660 latus
1121 2626 1363 2672 utrumque.
1385 2643 1440 2649 ——-
1457 2621 1621 2660 Formas
1643 2619 1859 2672 glandium
1882 2621 2099 2673 aptissime

315 2699 337 2724 a
359 2686 575 2725 veteribus
606 2686 803 2726 confictas
835 2699 926 2727 esse
959 2700 1011 2727 ex
1042 2688 1131 2740 ipsa
1165 2700 1303 2728 rerum
1335 2694 1483 2727 natura
1515 2688 1816 2728 demonstravit
1837 2687 2100 2729 Godofredus

315 2755 492 2806 Semper
532 2767 569 2794 a.
607 2754 714 2794 4859
748 2754 894 2794 subtili
925 2757 1140 2807 acumine3
1186 2756 1238 2796 de
1261 2756 1407 2797 eadem
1447 2770 1491 2796 re
1522 2769 1660 2809 nuper
1690 2757 1885 2810 exposuit
1913 2757 2099 2798 Renatus

316 2822 508 2862 Kerviler
529 2822 850 2874 Semperianum
873 2829 1011 2863 tamen
1042 2824 1231 2864 libellum
1254 2825 1452 2877 ignorans
1479 2824 1546 2877 (cf.
1572 2825 1616 2864 in
1646 2824 1788 2865 Indice
1809 2826 2057 2877 auctorum).

430 2890 594 2930 Pondus
615 2891 683 2930 vel
705 2903 925 2931 mensuras
946 2893 1251 2943 permultarum
1273 2893 1362 2932 suis
1395 2893 1494 2933 locis
1516 2892 1711 2933 adnotata
1732 2894 1936 2946 reperies,
1985 2894 2100 2933 Piso—

314 2958 465 2999 nianae
493 2958 548 3012 (n.
576 2959 612 3012 4)
649 2958 756 2999 sicut
784 2960 1035 3000 Graecarum
1066 2961 1295 3013 pleraeque
1327 2960 1479 3001 ceteris
1509 2961 1692 3001 minores
1723 2968 1822 3002 sunt
1853 2962 1962 3001 inter
1981 2962 2033 3000 34
2058 2969 2099 3001 et

316 3028 368 3066 46
391 3040 453 3079 gr.
479 3026 729 3079 pendentes.
754 3050 811 3056 —
830 3027 1063 3068 Asculanae
1096 3028 1320 3081 CCXXXV,
1355 3042 1464 3081 quae
1486 3043 1508 3069 3
1530 3029 1652 3069 nobis
1683 3042 1790 3070 anno
1815 3029 1923 3068 4877
1955 3036 2098 3070 erutae

315 3101 425 3143 sunt,
469 3094 657 3147 pendent
689 3094 826 3135 44077
859 3109 923 3148 gr.
966 3095 1090 3148 (unde
1121 3097 1290 3150 pondus
1319 3097 1506 3137 medium
1537 3097 1718 3138 efficitur
1751 3097 1869 3149 47,13
1900 3096 2001 3151 gr,);
2046 3098 2098 3138 iis

315 3170 583 3203 accesserunt
622 3163 731 3203 duae
768 3164 926 3204 moduli
969 3177 1109 3205 rarum
1151 3166 1195 3205 in
1227 3165 1394 3206 modum
1439 3167 1583 3219 magni¹
1608 3179 1691 3206 una
1725 3167 1802 3205 495
1836 3179 1916 3219 gr.,
1968 3167 2099 3206 altera

318 3230 396 3269 475
420 3244 480 3282 gr.
517 3231 774 3284 pendentes,
818 3238 860 3272 et
889 3233 1014 3273 tertia
1045 3233 1219 3273 minima
1250 3234 1302 3275 25
1327 3247 1387 3286 gr.
1423 3234 1613 3286 pendens
1645 3234 1711 3288 (cf.
1744 3235 1853 3275 Bull.
1879 3234 1968 3275 dell’
1993 3236 2092 3275 Inst.

317 3298 425 3337 4877
456 3312 499 3351 p.
526 3299 641 3352 476).
675 3324 732 3329 -
763 3301 988 3341 Perusinae
1030 3301 1204 3353 glandes
1241 3301 1404 3341 mediae
1446 3301 1531 3342 fere
1572 3309 1671 3342 sunt
1711 3303 1821 3343 inter
1856 3303 2017 3343 Siculas
2057 3309 2099 3342 et
2142 3342 2146 3359 ,

410 3402 439 3442 4)
463 3401 647 3443 Plerisque
666 3403 883 3435 Graecarum
903 3402 1017 3435 forma
1035 3405 1088 3436 est
1106 3403 1186 3436 talis
1199 3429 1207 3444 ,
1226 3405 1267 3437 ut
1284 3404 1408 3445 sectio,
1425 3413 1518 3446 quae
1533 3404 1571 3437 fit
1586 3413 1652 3447 per
1668 3414 1771 3437 axem
1788 3405 1980 3444 minorem,
1999 3404 2098 3437 exhi-

317 3458 398 3490 beat
424 3458 549 3491 orhem
568 3458 622 3491 vel
649 3460 706 3491 ovi
732 3459 901 3501 figuram;
932 3461 966 3492 in
992 3462 1119 3503 paucis
1143 3461 1286 3493 rhombi
1311 3463 1373 3494 aut
1389 3462 1554 3502 quadrati
1579 3462 1781 3503 orthogonii
1798 3461 1910 3502 figura
1929 3461 2095 3496 efficitur.
