2210 3788
303 284 333 330 4
969 292 1181 326 GLANDES
1209 293 1414 327 svaAE.

300 415 412 469 2[=
429 422 542 468 Corp.
562 422 598 457 X
618 433 656 458 n.
681 418 804 471 8063]
844 425 948 459 1-6
971 422 1130 468 glandes
1150 433 1217 459 sex
1248 418 1389 471 [Cefalu
1410 422 1512 469 apud
1534 422 1775 459 baronissam
1796 416 2082 468 Mandralisca].

591 538 1044 673 QQ-
1158 502 1448 664 {ism}
1698 578 1791 583 —

300 694 493 738 Descripsi
524 696 689 731 anticam
710 694 872 731 duarum
895 697 932 731 et
962 696 1147 740 posticam
1166 694 1280 730 unius
1301 694 1348 729 ad
1381 698 1517 741 ectypa
1539 693 1587 730 ab
1610 693 1736 730 Salina
1763 694 1880 729 missa
1902 697 1939 731 et
1969 702 2087 740 supra

300 772 400 807 quae
422 763 577 808 agnosci
597 766 817 809 potuerunt,
854 762 1041 799 delineata
1064 761 1219 799 exhibui
1247 758 1297 811 (in
1318 762 1442 798 antica
1464 762 1618 798 alterius
1641 761 1869 808 exemplaris
1895 770 1923 797 G
1953 771 2087 798 manca

299 826 389 878 est).
453 831 728 874 Mommsenus,
765 832 832 877 qui
862 831 968 875 vidit,
1005 830 1123 867 edidit
1152 830 1266 876 Corp.
1292 830 1329 865 X
1359 840 1397 866 n.
1428 833 1534 867 8063
1559 841 1591 867 3.

413 892 606 948 Mayfnuff
635 893 888 949 impferatoff.
922 919 979 923 —
1006 888 1143 935 ‘Fusae
1173 903 1262 935 sunt
1291 899 1450 944 glandes
1480 899 1553 935 hae
1582 899 1665 934 sine
1695 897 1814 935 dubio
1845 896 1939 934 belli
1969 908 2086 935 causa

298 965 401 1012 quod
425 967 542 1012 gessit
563 968 601 1002 in
622 965 747 1002 Sicilia
769 966 856 1002 Sex.
876 967 1080 1013 Pompeius
1100 968 1258 1012 Magnus
1278 957 1517 1013 imperator.²
1571 967 1829 1003 Mommsenus
1849 966 1882 1001 le
1897 975 1952 1010 c.,
1988 975 2086 1003 con-

299 1034 426 1070 ferens
444 1034 607 1070 similem
630 1034 757 1070 fratris
778 1034 902 1071 fusam
923 1046 994 1082 per
1009 1035 1154 1071 bellum
1170 1035 1430 1082 Hispanicum,
1453 1045 1566 1081 quam
1590 1034 1816 1071 exhibemus
1836 1034 1933 1070 infra
1953 1043 1993 1070 n.
2016 1035 2082 1072 49.

412 1203 626 1249 Sequentes
648 1203 862 1241 Sicularum
892 1205 1085 1250 glandium
1116 1205 1406 1249 inscriptiones,
1442 1205 1597 1241 mutilae
1630 1204 1688 1240 vel
1720 1206 1846 1242 minus
1877 1207 1983 1242 recte
2013 1205 2085 1243 de-

293 1273 472 1317 scriptae,
508 1282 600 1308 num
629 1273 784 1309 Latinae
821 1274 909 1317 sint,
948 1273 1115 1310 discerni
1146 1274 1294 1319 nequit:

295 1371 331 1402 a
360 1366 512 1409 reperta
549 1375 618 1399 con
659 1364 755 1400 altre
796 1364 954 1401 molibdi
991 1376 1010 1400 e
1046 1365 1345 1401 numerosissime
1385 1365 1530 1412 cuspidi
1566 1365 1606 1401 di
1636 1365 1773 1412 freceie
1809 1365 1850 1401 di
1889 1375 1994 1402 rame
2024 1370 2084 1402 tra

417 1431 581 1478 Neapoli
612 1442 630 1467 e
663 1432 770 1468 Τίασα
806 1430 859 1480 [in
889 1442 1022 1469 museo
1054 1429 1307 1479 Syracusano]
1344 1441 1386 1467 Di
1418 1441 1590 1468 TORGIA.

674 1612 761 1712 ε,
901 1533 1815 1779 (wis-2

582 1719 913 1788 ψ
1602 1733 1652 1750 ..

291 1827 347 1862 Ex
387 1827 644 1865 delineatione
674 1828 883 1865 Salvatoris
922 1828 1030 1865 Politi
1069 1830 1349 1867 communicata
1390 1837 1479 1863 cum
1508 1828 1744 1864 Mommseno
1783 1826 1831 1863 ab
1870 1829 1916 1864 Di
1945 1827 2080 1874 Torgia

295 1897 343 1931 24
378 1894 463 1932 Oct.
494 1898 616 1934 1877.

294 1985 324 2026 b
357 1999 404 2024 ex
435 1987 573 2024 eodem
603 1987 689 2025 loco
720 1987 831 2023 allata
869 1990 880 2023 1
919 1987 1017 2024 Nov.
1048 1990 1154 2024 1877
1192 1983 1244 2036 [in
1274 1997 1409 2023 museo
1441 1982 1700 2036 Syracusano]
1737 1996 1778 2022 m
1808 1996 1984 2025 roxem.

288 2341 339 2375 Ex
360 2341 628 2379 delineatione.
690 2345 797 2382 Politi
820 2347 1098 2383 communicata
1121 2357 1210 2383 cum
1230 2347 1466 2384 Mommseno
1487 2347 1536 2383 ab
1557 2341 1604 2383 D'i
1625 2347 1760 2392 Torgia
1784 2349 1804 2383 3
1827 2345 1924 2383 Nov.
1949 2348 2072 2383 ⁴877.

287 2438 314 2468 c
353 2433 414 2468 un’
447 2433 549 2469 altra
577 2434 782 2483 (yhianda)
811 2435 932 2482 yliene
961 2435 1021 2481 (al
1051 2438 1122 2483 si9.
1148 2434 1319 2487 Petroso)
1350 2436 1395 2486 [ὰ
1427 2443 1614 2483 arrecata,
1650 2438 1714 2474 che
1744 2438 1795 2474 ha
1824 2437 1984 2474 rilevato
2014 2438 2076 2473 vi—

354 2502 436 2537 cino
467 2512 544 2537 una
569 2507 692 2549 punta
723 2504 752 2539 il
782 2514 935 2540 numero
966 2505 1135 2541 Romano
1165 2506 1207 2540 II
1234 2514 1375 2542 ALESSI.

1168 2605 1192 2630 11

284 2680 405 2717 Alessi
447 2682 580 2718 lettera
619 2685 724 2720 1815
765 2695 804 2730 p.
843 2687 890 2721 33
944 2680 1044 2734 (inde
1080 2686 1292 2723 Mommsen
1334 2686 1447 2733 Corp.
1480 2687 1496 2723 I
1536 2687 1584 2723 ad
1622 2698 1661 2723 n.
1697 2685 1775 2724 643
1816 2692 1854 2723 et
1892 2686 2006 2733 Corp.
2036 2687 2073 2722 X

280 2760 320 2786 n.
348 2753 454 2787 8063
472 2760 489 2786 2
506 2763 541 2796 ο,
578 2751 646 2788 ubi
666 2753 706 2787 in
727 2755 837 2798 parte
859 2755 1058 2800 superiore
1086 2764 1186 2799 quae
1208 2754 1414 2800 adnotavit,
1451 2755 1499 2790 ad
1520 2755 1669 2801 glandis
1691 2765 1730 2790 n.
1761 2758 1866 2792 8063
1886 2764 1904 2791 2
1923 2753 1943 2791 b
1973 2755 2072 2791 alte-

282 2828 368 2853 rum
391 2819 587 2865 exemplar
607 2821 800 2866 pertinent
829 2831 898 2867 pro
921 2821 1044 2867 iisque
1067 2822 1337 2859 substituenda
1367 2827 1454 2859 sunt
1477 2833 1534 2869 ea,
1572 2834 1671 2870 quae
1693 2833 1764 2869 ego
1785 2833 1902 2869 supra
1924 2817 2069 2872 posui).

396 2909 533 2946 Alessii
562 2910 682 2947 verba
713 2912 763 2947 ita
793 2912 1068 2958 interpretatus
1100 2917 1156 2949 est
1184 2914 1457 2958 MommsenuS‚
1494 2918 1534 2950 ut
1566 2914 1604 2950 in
1633 2915 1752 2950 altera
1783 2913 1932 2960 glandis
1963 2916 2072 2959 parte

282 2977 504 3023 cuspidem,
549 2980 588 3014 in
618 2980 737 3015 altera
767 2980 799 3015 II
831 2981 1018 3017 exstitisse
1049 2984 1252 3026 statueret,
1294 2981 1440 3018 addens
1471 2981 1583 3028 Corp.
1608 2983 1645 3018 X
1674 2982 1701 3018 l.
1727 2992 1782 3018 c.:
1839 2973 1885 3018 ‘si
1916 2982 2071 3018 fuerunt

279 3044 451 3090 litterae,
495 3046 648 3083 videtur
684 3048 890 3092 significari
929 3050 973 3084 L.
1005 3040 1149 3099 Psisoj'.
1212 3050 1309 3086 Fieri
1350 3054 1478 3086 tamen
1514 3054 1663 3096 potest,
1707 3054 1750 3086 ut
1788 3048 1957 3086 Alessius
1994 3049 2069 3086 hoc

278 3114 406 3159 potius
437 3115 733 3161 significaverit,
780 3127 902 3163 prope
938 3113 1072 3166 (vicino
1103 3129 1180 3153 una
1210 3128 1280 3163 pro
1309 3119 1431 3154 vicino
1464 3108 1519 3154 ad.
1543 3113 1635 3168 una)
1671 3128 1791 3154 unum
1828 3129 1875 3154 ex
1916 3117 2069 3155 duobus

280 3181 429 3226 glandis
461 3183 582 3229 ipsius
604 3184 748 3220 aculeis
778 3185 897 3221 fuisse
926 3185 1045 3220 lineas
1076 3185 1171 3221 duas
1203 3187 1248 3221 ΙΙ.

398 3351 549 3390 Siciliae
579 3364 657 3390 non
687 3358 792 3391 recte
823 3355 965 3392 tributa
998 3361 1056 3392 est
1087 3368 1108 3392 a
1139 3358 1262 3402 primo
1294 3358 1376 3392 eius
1408 3356 1555 3393 editore
1586 3367 1626 3392 n.
1653 3359 1720 3393 51.
