2210 3788
893 267 1161 301 PRAEFATIO.
1840 282 1930 313 xm

262 381 418 423 uiuioii
457 379 592 434 (ιΝΛιιΖ
619 382 626 433 Ι
651 394 721 422 msx
751 382 796 422 in
826 383 982 436 textu).
1036 382 1217 424 Omnino
1247 385 1441 426 lectionis
1473 387 1658 427 incertae
1689 394 1767 440 est,
1803 395 1845 430 et
1875 403 1928 431 ne

261 448 317 491 de
349 449 490 503 lingua
523 449 716 503 quidem,
768 461 852 503 qua
883 451 1040 502 scripta
1070 452 1145 503 sit,
1196 454 1426 506 quicquam
1457 456 1615 496 certius
1645 457 1779 496 conici
1812 458 1924 498 licet.

264 538 316 549 ·—
348 517 395 559 In
434 531 582 559 museo
611 519 838 559 Ravestein
875 518 1004 574 (nunc
1039 521 1264 574 Bruxellis)
1297 521 1474 575 glandes
1504 530 1672 565 exstant
1709 523 1764 579 (v,
1790 527 1926 567 Muse‘e

262 586 434 629 danao.
468 588 499 640 1,
541 587 668 640 4874,
692 600 737 641 p.
763 587 882 641 4⁴7),
932 600 1042 642 quae
1072 594 1267 642 repertae
1299 589 1343 630 in
1384 589 1528 632 fundis
1567 591 1618 632 A.
1656 593 1844 634 Buattini
1885 595 1928 635 in

260 655 373 710 ripis
405 656 523 698 lacus
564 656 799 697 Trasimeni
841 655 1056 698 dicuntur.
1135 658 1200 697 Ex
1239 657 1410 710 eodem,
1460 666 1506 700 ut
1545 660 1732 714 videtur,
1781 675 1924 703 museo

262 723 461 778 glandem
500 725 677 766 Etrusce
717 725 965 779 inscriptam
1003 726 1254 766 memoravit
1290 727 1430 780 Bergk
1465 741 1508 780 p.
1536 729 1560 767 6
1598 728 1680 782 [ed.
1706 730 1740 769 ΙΙ
1770 743 1813 783 p.
1841 731 1926 785 48].

262 807 316 825 -’
348 792 560 836 Gustavus
580 793 759 845 Klemm,
799 793 1047 849 Werkzeuye
1065 794 1153 835 und
1179 795 1341 848 Waffen·
1372 795 1480 835 4854
1513 810 1558 850 p.
1583 798 1664 838 283
1698 799 1801 839 haec
1830 812 1931 853 pro-

260 862 384 904 tulit:
418 859 495 903 Am
530 863 882 905 Trasimenischen
903 863 977 903 See
1006 862 1071 903 bei
1091 865 1264 918 Peruyia
1290 864 1417 916 findet
1444 877 1541 905 man
1570 869 1669 907 noch
1690 867 1797 919 jetzt
1823 868 1933 909 nicht

261 931 388 973 seiten
415 929 636 985 Wurfhleie
663 943 743 973 von
772 931 1120 987 lanzenflfrmiyer
1145 931 1193 986 [5²]
1229 933 1383 974 Gestalt
1410 934 1483 975 mit
1510 936 1800 989 zuyespitztem
1820 937 1932 978 Ende

182 1014 190 1035 ;
260 1012 341 1061 von
377 998 550 1052 1¹s2—-2
578 1000 663 1042 Zoll
691 1001 853 1056 Lame,
902 1000 969 1041 die
1005 1013 1083 1042 aus
1123 1001 1198 1042 der
1233 1000 1409 1056 blutiyen
1448 1002 1639 1044 Schlacht
1675 1016 1765 1045 vom
1805 1006 1932 1047 Jahre

43 1085 46 1093 ·
172 1096 175 1101 ι
252 1068 347 1112 -217
377 1081 418 1111 v.
456 1068 554 1110 Chr.
596 1074 815 1122 stammen‚
858 1083 923 1111 wo
960 1069 1174 1111 Hannibal
1209 1069 1275 1111 die
1304 1072 1449 1111 Romer
1487 1071 1617 1113 durch
1648 1073 1758 1127 Hilfe
1800 1075 1933 1116 seiner

259 1137 544 1180 balearischen
590 1138 862 1180 Schleuderer
910 1138 1066 1194 schluy.
1148 1139 1337 1187 Quorum
1388 1139 1496 1181 fides
1540 1153 1674 1194 penes
1718 1148 1931 1184 auctorem

262 1212 392 1248 estes
427 1206 581 1248 Vltima
612 1218 696 1248 non
731 1206 913 1248 dubium
945 1213 1010 1248 est
1040 1208 1144 1260 quin
1176 1221 1292 1249 mera
1323 1209 1563 1250 coniectura
1593 1211 1798 1264 nitantur,
1834 1224 1931 1253 nam

184 1290 188 1292 ·
259 1275 584 1330 inscriptionem
616 1276 852 1317 Klemmius
883 1289 967 1317 non
998 1283 1217 1317 memorat.

217 1399 229 1409 .
256 1367 516 1409 Perusia.
577 1366 685 1408 Vide
716 1380 760 1407 n.
788 1368 840 1409 52
862 1379 959 1421 sqq.

127 1441 158 1462 ²
187 1500 189 1505 ,
217 1491 228 1502 .
264 1459 503 1502 Orvieto.
557 1458 765 1501 Glandem
786 1459 1031 1512 plumbeam
1051 1460 1330 1513 inscriptione
1351 1467 1563 1502 carentem
1586 1462 1628 1502 in
1659 1463 1932 1516 necropoleos

263 1529 491 1583 sepulchro
512 1527 696 1581 quodam
728 1529 969 1581 inventam,
1003 1529 1170 1582 longam
1192 1529 1315 1580 Ο,034
1345 1542 1420 1581 m.‚
1456 1542 1500 1571 se
1532 1530 1753 1584 possidere
1782 1533 1933 1573 Koerte

261 1610 429 1640 mecum
449 1598 789 1639 communicavit.
855 1596 918 1638 Cf.
954 1598 1096 1651 ipsum
1128 1597 1173 1638 in
1194 1594 1351 1638 Annali
1368 1598 1461 1639 dell'
1483 1600 1584 1640 Inst.
1613 1599 1723 1640 4877
1755 1614 1797 1654 p.
1826 1600 1929 1651 47ος

264 1666 327 1708 ibi
355 1672 579 1721 praeterea
609 1672 815 1708 memorat
845 1667 890 1707 in
921 1665 1071 1708 eadem
1112 1667 1328 1720 necropoli
1358 1674 1578 1720 repertum
1610 1681 1702 1709 esse
1733 1682 1934 1723 magnum

262 1748 492 1778 numerum
531 1735 578 1777 di
602 1735 778 1791 yhiande
816 1736 968 1777 missili
1002 1736 1047 1777 di
1085 1741 1200 1776 terra
1229 1740 1335 1777 cotta
1371 1736 1417 1777 di
1443 1736 1521 1777 due
1560 1737 1768 1791 differenti
1802 1751 1936 1793 qran-

262 1805 415 1856 dezze5
458 1804 504 1848 la
529 1805 737 1860 maqyiore
773 1805 1004 1859 oltrepassa
1035 1804 1100 1846 del
1129 1805 1273 1858 doppio
1305 1805 1340 1846 le
1370 1805 1484 1846 solite
1512 1805 1688 1860 yhiande
1717 1807 1865 1848 missili
1893 1807 1938 1848 di

258 1873 430 1929 piombe.
493 1873 557 1916 cf.
590 1873 725 1914 infra:
765 1874 900 1915 Castel
930 1871 1095 1915 d’AssO.

122 1936 123 1939 Ἴ
179 1987 181 1990 <
218 1997 229 2008 .
261 1966 540 2020 Bomarzo,
583 1967 816 2021 Muqnano,
850 1965 1040 2020 Laqhetto
1078 1964 1209 2021 (lacus
1239 1964 1515 2019 Vadimonis).
1571 1967 1689 2007 Molte
1720 1966 1934 2022 (yhiande)

261 2036 303 2078 si
330 2040 500 2078 travano
539 2035 600 2076 ne’
636 2035 781 2089 Campi
818 2035 863 2076 di
889 2036 1116 2086 Romano,
1159 2048 1180 2076 e
1216 2047 1305 2076 cose
1341 2040 1457 2076 sante
1495 2035 1524 2075 il
1560 2036 1673 2090 volyo
1705 2035 1741 2079 le
1770 2041 1932 2089 reputa.

260 2105 317 2146 Di
345 2105 390 2146 ἰὰ
417 2116 470 2146 ne
499 2116 604 2146 avea
632 2117 721 2145 una
751 2109 946 2146 arrecaia
976 2104 1007 2144 il
1035 2105 1178 2159 siynor
1202 2104 1345 2157 priore
1372 2105 1569 2145 Vincenzo
1602 2106 1774 2145 Petroso.
1806 2117 1935 2146 ALEssi

262 2174 408 2217 lettera
439 2173 550 2214 ⁴8⁴5
582 2187 627 2228 p.
653 2174 725 2215 24.

378 2254 418 2296 Il
445 2254 589 2309 siqnor
619 2253 785 2308 Stefano
826 2253 992 2294 Camilli
1027 2253 1073 2294 di
1108 2251 1261 2293 Viterbo
1302 2253 1341 2293 ci
1370 2252 1457 2306 fece
1495 2264 1706 2294 conoscere
1745 2254 1937 2307 alquante

261 2323 378 2378 pilae
415 2322 663 2377 plumbeae,
709 2322 780 2365 che
814 2323 932 2364 assai
960 2322 1005 2363 di
1036 2321 1247 2376 frequente
1284 2322 1323 2362 si
1350 2322 1597 2376 rinvenqono
1633 2322 1700 2362 nel
1730 2322 1936 2363 territorio

261 2391 309 2434 di
325 2391 570 2434 Bassanello
601 2404 622 2432 e
651 2393 857 2432 Bomarzo
882 2403 1028 2445 presso
1059 2390 1102 2431 la
1132 2390 1240 2431 detta
1272 2391 1383 2440 oilla,
1418 2403 1439 2431 e
1468 2390 1537 2432 che
1566 2390 1701 2431 hanno
1732 2391 1774 2432 la
1799 2392 1937 2446 fiqura

184 2487 186 2489 -
262 2460 309 2503 di
325 2461 447 2514 oliva,
483 2473 504 2502 e
533 2461 656 2516 quasi
674 2461 853 2503 ellitlica.
908 2461 963 2500 Le
983 2459 1197 2500 medesime
1217 2459 1291 2500 dal
1311 2459 1424 2514 volyo
1456 2461 1495 2500 si
1523 2460 1738 2513 appellano
1761 2459 1937 2514 yhiande

263 2529 310 2572 di
346 2542 381 2572 s.
416 2527 606 2572 Anselmo
643 2530 755 2571 sulla
789 2528 906 2583 falsa
944 2529 1174 2570 tradizione
1212 2528 1281 2570 che
1318 2541 1376 2569 un
1419 2529 1477 2569 tal
1515 2529 1641 2569 Sanco
1675 2529 1938 2584 prodiyiosa-

262 2604 394 2641 mente
422 2611 473 2640 ne
498 2598 659 2653 facesse
688 2598 836 2640 cadere
864 2611 973 2653 yran
1003 2598 1193 2653 quantita
1223 2598 1267 2638 in
1297 2610 1383 2638 una
1414 2597 1611 2652 battaylia
1639 2609 1765 2651 sopra
1798 2598 1938 2639 l'eser-

262 2669 339 2712 cito
369 2669 522 2710 nemico
552 2681 605 2709 ns
634 2680 790 2709 Mimas
820 2681 863 2721 p.
890 2666 989 2709 256.

378 2739 434 2779 Le
472 2740 557 2779 cosi
593 2736 696 2779 dette
734 2737 848 2791 pilae
887 2735 1116 2790 plumbeae
1154 2736 1420 2791 rinvenyonsi
1465 2734 1835 2789 quotidianamente
1872 2735 1938 2775 nel

263 2806 378 2848 suolo
409 2806 455 2848 di
484 2807 820 2848 Plan-meoniano
857 2805 997 2860 [paulo
1028 2804 1171 2845 minus
1201 2817 1329 2858 quam
1362 2804 1477 2844 mille
1508 2811 1661 2857 passus
1693 2817 1717 2845 a
1740 2805 1936 2843 Bomarzo

267 2874 486 2928 distantis,
531 2875 584 2916 cf.
619 2889 664 2930 p.
689 2875 759 2929 22]
799 2906 809 2915 .
837 2907 846 2915 .
880 2873 1058 2929 qhiande
1088 2874 1240 2915 missili
1266 2873 1312 2914 di
1342 2872 1500 2927 piombo
1531 2873 1575 2914 in
1600 2873 1738 2928 fiqura
1770 2872 1815 2913 di
1843 2872 1939 2913 elis-

176 2957 184 2975 ·
266 2943 378 2987 soide
402 2976 412 2986 .
440 2957 477 2986 ..·
517 2943 569 2999 fu
589 2957 685 2986 cosa
714 2944 780 2985 del
800 2948 898 2985 tutto
928 2942 1136 2997 sinqolare
1162 2942 1294 2983 l'aver
1313 2943 1530 2983 rinvenuto
1562 2946 1675 2982 entro
1705 2953 1761 2981 un
1794 2940 1937 2981 teschio

186 3012 189 3013 ⁷
267 3013 313 3055 ta
333 3012 441 3055 detta
466 3013 558 3067 pila
582 3013 791 3067 plumbea.
834 3043 845 3054 .
873 3043 882 3052 .
917 3011 1037 3064 Luigi
1064 3024 1234 3053 vri-rom
1264 3012 1455 3052 memorie
1485 3009 1800 3052 arch.-stori'che
1829 3009 1939 3050 sulla

265 3082 365 3124 cilia
393 3081 440 3123 di
459 3081 708 3124 Polimarzio
739 3082 831 3138 oyyi
858 3083 1079 3122 Bomarzo.
1111 3081 1239 3121 Roma
1263 3081 1372 3120 4846
1405 3093 1450 3134 p.
1476 3066 1545 3120 74'.
1607 3077 1766 3120 Rustici
1798 3076 1940 3131 perfo-

265 3157 363 3192 rant
393 3156 435 3192 et
464 3150 569 3192 collo
600 3163 831 3205 suspensas
866 3163 945 3204 pro
975 3150 1175 3191 amuletis
1205 3156 1375 3203 portare
1407 3149 1564 3200 solent,
1610 3147 1654 3188 id
1684 3145 1799 3200 quod
1837 3146 1940 3187 mihi

24 3196 33 3230 '-
106 3235 107 3239 ¹
170 3234 185 3253 2
266 3224 449 3262 testatus
479 3226 544 3261 est
571 3220 779 3266 Vittorius
807 3232 917 3261 anno
950 3219 1076 3259 4864.

385 3289 596 3337 Quattuor
645 3289 867 3343 glandium
912 3271 1238 3341 inscriptarum,
1290 3298 1400 3339 quae
1446 3285 1533 3326 illic
1578 3290 1776 3338 repertae
1821 3289 1934 3334 sunt,

267 3363 417 3412 ectypa
446 3357 653 3399 Vittorius
683 3357 789 3398 mihi
819 3370 858 3399 a.
894 3358 1002 3397 4880
1042 3356 1172 3397 misit.
1235 3355 1391 3396 Earum
1422 3367 1507 3395 una
1545 3359 1610 3395 est
1641 3353 1798 3394 Graeca
1834 3351 1940 3408 (lego

262 3436 344 3468 m
369 3427 410 3485 i.
436 3439 475 3468 e.
515 3423 783 3479 Μεσσανίων,
823 3426 878 3467 cf.
903 3426 1077 3468 Vischer
1119 3422 1324 3476 Schriften
1360 3424 1394 3463 11
1426 3422 1550 3477 264),
1596 3422 1728 3463 altera
1765 3426 1812 3461 ut
1846 3420 1934 3461 vid.
