<?xml version="1.0" encoding="UTF-8"?>
<!DOCTYPE html PUBLIC "-//W3C//DTD XHTML 1.0 Transitional//EN"
    "http://www.w3.org/TR/xhtml1/DTD/xhtml1-transitional.dtd">
<html xmlns="http://www.w3.org/1999/xhtml" xml:lang="en" lang="en">
 <head>
  <title>
</title>
<meta http-equiv="Content-Type" content="text/html;charset=utf-8" />
  <meta name='ocr-system' content='tesseract 3.04.00' />
  <meta name='ocr-capabilities' content='ocr_page ocr_carea ocr_par ocr_line ocrx_word'/>
</head>
<body>
  <div class='ocr_page' id='page_1' title='image "./ephemerisepigrap06deutuoft_0162.png"; bbox 0 0 2242 3776; ppageno 0'>
   <div class='ocr_carea' id='block_1_1' title="bbox 357 319 1462 368">
    <p class='ocr_par' dir='ltr' id='par_1_1' title="bbox 357 319 1462 368">
     <span class='ocr_line' id='line_1_1' title="bbox 357 319 1462 368; baseline -0.01 -1"><span class='ocrx_word' id='word_1_1' title='bbox 357 319 451 367; x_wconf 84' lang='lat'>108</span> <span class='ocrx_word' id='word_1_2' title='bbox 1018 323 1227 368; x_wconf 74' lang='lat' dir='ltr'><strong>GLANDES</strong></span> <span class='ocrx_word' id='word_1_3' title='bbox 1255 323 1462 357; x_wconf 60' lang='lat' dir='ltr'>spvman.</span> 
     </span>
    </p>
   </div>
   <div class='ocr_carea' id='block_1_2' title="bbox 389 446 2242 3277">
    <p class='ocr_par' dir='ltr' id='par_1_2' title="bbox 399 446 2242 662">
     <span class='ocr_line' id='line_1_2' title="bbox 399 446 2242 493; baseline -0.002 -8"><span class='ocrx_word' id='word_1_4' title='bbox 399 453 577 485; x_wconf 83' lang='grc'><strong>223-444</strong></span> <span class='ocrx_word' id='word_1_5' title='bbox 606 452 703 493; x_wconf 91' lang='lat' dir='ltr'>(cum</span> <span class='ocrx_word' id='word_1_6' title='bbox 728 451 807 483; x_wconf 90' lang='lat' dir='ltr'>aliis</span> <span class='ocrx_word' id='word_1_7' title='bbox 832 450 907 491; x_wconf 77' lang='grc'><strong>250)</strong></span> <span class='ocrx_word' id='word_1_8' title='bbox 940 450 1037 482; x_wconf 83' lang='lat' dir='ltr'>Nous</span> <span class='ocrx_word' id='word_1_9' title='bbox 1060 457 1169 482; x_wconf 77' lang='lat' dir='ltr'>avons</span> <span class='ocrx_word' id='word_1_10' title='bbox 1191 450 1341 491; x_wconf 71' lang='lat' dir='ltr'>reqrette</span> <span class='ocrx_word' id='word_1_11' title='bbox 1364 458 1428 490; x_wconf 79' lang='lat' dir='ltr'>que</span> <span class='ocrx_word' id='word_1_12' title='bbox 1452 449 1500 482; x_wconf 87' lang='lat' dir='ltr'>les</span> <span class='ocrx_word' id='word_1_13' title='bbox 1524 448 1746 488; x_wconf 76' lang='lat' dir='ltr'>expediteurs</span> <span class='ocrx_word' id='word_1_14' title='bbox 1768 446 1898 480; x_wconf 75' lang='lat' dir='ltr'>n&#39;aiont</span> <span class='ocrx_word' id='word_1_15' title='bbox 1917 455 1985 488; x_wconf 60' lang='lat' dir='ltr'>pas,</span> <span class='ocrx_word' id='word_1_16' title='bbox 2005 449 2090 493; x_wconf 73' lang='lat' dir='ltr'>pris¹</span> <span class='ocrx_word' id='word_1_17' title='bbox 2106 448 2139 488; x_wconf 67' lang='lat' dir='ltr'><strong><em>k</em></strong></span> <span class='ocrx_word' id='word_1_18' title='bbox 2199 464 2201 467; x_wconf 95' lang='lat'>·</span> <span class='ocrx_word' id='word_1_19' title='bbox 2236 467 2242 492; x_wconf 68' lang='lat'>..³</span> 
     </span>
     <span class='ocr_line' id='line_1_3' title="bbox 442 495 2242 549; baseline -0.004 -7"><span class='ocrx_word' id='word_1_20' title='bbox 442 510 519 542; x_wconf 78' lang='lat' dir='ltr'>soin</span> <span class='ocrx_word' id='word_1_21' title='bbox 542 509 583 541; x_wconf 83' lang='lat' dir='ltr'>de</span> <span class='ocrx_word' id='word_1_22' title='bbox 613 509 804 549; x_wconf 71' lang='lat' dir='ltr'>distinyuer</span> <span class='ocrx_word' id='word_1_23' title='bbox 828 507 876 539; x_wconf 83' lang='lat' dir='ltr'>les</span> <span class='ocrx_word' id='word_1_24' title='bbox 901 508 986 539; x_wconf 78' lang='lat' dir='ltr'>trois</span> <span class='ocrx_word' id='word_1_25' title='bbox 1013 514 1272 547; x_wconf 78' lang='lat' dir='ltr'>provenances:</span> <span class='ocrx_word' id='word_1_26' title='bbox 1313 504 1446 545; x_wconf 78' lang='lat' dir='ltr'>Ascoli‚</span> <span class='ocrx_word' id='word_1_27' title='bbox 1481 506 1539 546; x_wconf 79' lang='lat' dir='ltr'>qui</span> <span class='ocrx_word' id='word_1_28' title='bbox 1570 505 1663 537; x_wconf 84' lang='lat' dir='ltr'>seule</span> <span class='ocrx_word' id='word_1_29' title='bbox 1687 505 1782 537; x_wconf 79' lang='lat' dir='ltr'>avait</span> <span class='ocrx_word' id='word_1_30' title='bbox 1812 503 1932 545; x_wconf 74' lang='lat' dir='ltr'>four-ni</span> <span class='ocrx_word' id='word_1_31' title='bbox 1965 504 2014 537; x_wconf 77' lang='lat' dir='ltr'>los</span> <span class='ocrx_word' id='word_1_32' title='bbox 2044 505 2138 538; x_wconf 73' lang='lat' dir='ltr'>doum</span> <span class='ocrx_word' id='word_1_33' title='bbox 2236 495 2242 534; x_wconf 66' lang='lat'>3²2</span> 
     </span>
     <span class='ocr_line' id='line_1_4' title="bbox 442 559 2212 605; baseline -0.001 -8"><span class='ocrx_word' id='word_1_34' title='bbox 442 565 550 598; x_wconf 71' lang='lat' dir='ltr'>series</span> <span class='ocrx_word' id='word_1_35' title='bbox 584 565 824 605; x_wconf 72' lang='lat' dir='ltr'>precedentes,</span> <span class='ocrx_word' id='word_1_36' title='bbox 859 561 938 596; x_wconf 66' lang='lat' dir='ltr'>Atra·</span> <span class='ocrx_word' id='word_1_37' title='bbox 969 566 1001 596; x_wconf 85' lang='lat' dir='ltr'>et</span> <span class='ocrx_word' id='word_1_38' title='bbox 1025 563 1223 601; x_wconf 82' lang='lat' dir='ltr'>Macerata,·</span> <span class='ocrx_word' id='word_1_39' title='bbox 1262 563 1353 595; x_wconf 82' lang='lat' dir='ltr'>mais</span> <span class='ocrx_word' id='word_1_40' title='bbox 1383 570 1471 594; x_wconf 72' lang='lat' dir='ltr'>nous</span> <span class='ocrx_word' id='word_1_41' title='bbox 1500 570 1646 602; x_wconf 75' lang='lat' dir='ltr'>croyons</span> <span class='ocrx_word' id='word_1_42' title='bbox 1677 570 1741 601; x_wconf 81' lang='lat' dir='ltr'>que</span> <span class='ocrx_word' id='word_1_43' title='bbox 1771 559 1849 594; x_wconf 80' lang='lat' dir='ltr'>c’est</span> <span class='ocrx_word' id='word_1_44' title='bbox 1880 569 2002 594; x_wconf 80' lang='lat' dir='ltr'>encore</span> <span class='ocrx_word' id='word_1_45' title='bbox 2025 559 2139 595; x_wconf 72' lang='lat' dir='ltr'>Asculi</span> <span class='ocrx_word' id='word_1_46' title='bbox 2209 581 2212 590; x_wconf 61' lang='grc' dir='ltr'>ι</span> 
     </span>
     <span class='ocr_line' id='line_1_5' title="bbox 443 608 2207 662; baseline -0.002 -9"><span class='ocrx_word' id='word_1_47' title='bbox 443 623 500 662; x_wconf 77' lang='lat' dir='ltr'>qm·</span> <span class='ocrx_word' id='word_1_48' title='bbox 524 630 546 654; x_wconf 89' lang='lat' dir='ltr'>a</span> <span class='ocrx_word' id='word_1_49' title='bbox 570 621 604 653; x_wconf 88' lang='lat' dir='ltr'>la</span> <span class='ocrx_word' id='word_1_50' title='bbox 624 621 705 662; x_wconf 78' lang='lat' dir='ltr'>plus</span> <span class='ocrx_word' id='word_1_51' title='bbox 729 621 826 662; x_wconf 73' lang='lat' dir='ltr'>larqe</span> <span class='ocrx_word' id='word_1_52' title='bbox 846 622 929 660; x_wconf 79' lang='lat' dir='ltr'>part</span> <span class='ocrx_word' id='word_1_53' title='bbox 953 620 1040 651; x_wconf 78' lang='lat' dir='ltr'>dans</span> <span class='ocrx_word' id='word_1_54' title='bbox 1065 622 1116 652; x_wconf 88' lang='lat' dir='ltr'>cet</span> <span class='ocrx_word' id='word_1_55' title='bbox 1139 621 1238 652; x_wconf 79' lang='lat' dir='ltr'>envoi</span> <span class='ocrx_word' id='word_1_56' title='bbox 1261 627 1464 652; x_wconf 65' lang='lat' dir='ltr'>passumus</span> <span class='ocrx_word' id='word_1_57' title='bbox 1489 617 1574 651; x_wconf 82' lang='lat' dir='ltr'>fasc.</span> <span class='ocrx_word' id='word_1_58' title='bbox 1593 619 1610 650; x_wconf 92' lang='grc'>4</span> <span class='ocrx_word' id='word_1_59' title='bbox 1638 617 1750 659; x_wconf 84' lang='grc'><strong>(4875)</strong></span> <span class='ocrx_word' id='word_1_60' title='bbox 1777 626 1813 659; x_wconf 91' lang='lat' dir='ltr'>p.</span> <span class='ocrx_word' id='word_1_61' title='bbox 1834 619 1889 651; x_wconf 81' lang='lat'>55.</span> <span class='ocrx_word' id='word_1_62' title='bbox 2204 608 2207 611; x_wconf 49' lang='lat'>¹</span> 
     </span>
    </p>

    <p class='ocr_par' dir='ltr' id='par_1_3' title="bbox 399 673 2242 2710">
     <span class='ocr_line' id='line_1_6' title="bbox 399 673 2138 719; baseline -0.001 -9"><span class='ocrx_word' id='word_1_63' title='bbox 399 679 576 710; x_wconf 81' lang='grc'><strong>445-665</strong></span> <span class='ocrx_word' id='word_1_64' title='bbox 611 677 774 718; x_wconf 80' lang='lat' dir='ltr'>(selectae</span> <span class='ocrx_word' id='word_1_65' title='bbox 799 686 842 709; x_wconf 87' lang='lat' dir='ltr'>ex</span> <span class='ocrx_word' id='word_1_66' title='bbox 867 685 996 718; x_wconf 87' lang='lat' dir='ltr'>magno</span> <span class='ocrx_word' id='word_1_67' title='bbox 1029 685 1180 709; x_wconf 89' lang='lat' dir='ltr'>numero</span> <span class='ocrx_word' id='word_1_68' title='bbox 1213 679 1363 718; x_wconf 83' lang='lat' dir='ltr'>quartae</span> <span class='ocrx_word' id='word_1_69' title='bbox 1395 676 1501 708; x_wconf 88' lang='lat' dir='ltr'>seriei</span> <span class='ocrx_word' id='word_1_70' title='bbox 1525 674 1658 707; x_wconf 88' lang='lat' dir='ltr'>Asculo</span> <span class='ocrx_word' id='word_1_71' title='bbox 1683 673 1828 719; x_wconf 88' lang='lat' dir='ltr'>missae)</span> <span class='ocrx_word' id='word_1_72' title='bbox 1863 675 1950 707; x_wconf 82' lang='lat' dir='ltr'>MM.</span> <span class='ocrx_word' id='word_1_73' title='bbox 1971 674 2082 718; x_wconf 59' lang='lat' dir='ltr'>Rollin</span> <span class='ocrx_word' id='word_1_74' title='bbox 2105 678 2138 708; x_wconf 81' lang='lat' dir='ltr'>et</span> 
     </span>
     <span class='ocr_line' id='line_1_7' title="bbox 444 730 2138 776; baseline -0.001 -9"><span class='ocrx_word' id='word_1_75' title='bbox 444 735 639 768; x_wconf 80' lang='lat' dir='ltr'>Feuardent</span> <span class='ocrx_word' id='word_1_76' title='bbox 655 737 712 767; x_wconf 80' lang='lat' dir='ltr'>ont</span> <span class='ocrx_word' id='word_1_77' title='bbox 725 743 776 775; x_wconf 79' lang='lat' dir='ltr'>pu</span> <span class='ocrx_word' id='word_1_78' title='bbox 792 742 828 766; x_wconf 86' lang='lat' dir='ltr'>se</span> <span class='ocrx_word' id='word_1_79' title='bbox 848 741 1020 775; x_wconf 78' lang='lat' dir='ltr'>procurer</span> <span class='ocrx_word' id='word_1_80' title='bbox 1043 734 1133 776; x_wconf 80' lang='lat' dir='ltr'>enfin</span> <span class='ocrx_word' id='word_1_81' title='bbox 1154 741 1221 766; x_wconf 80' lang='lat' dir='ltr'>une</span> <span class='ocrx_word' id='word_1_82' title='bbox 1245 733 1418 765; x_wconf 82' lang='lat' dir='ltr'>collection</span> <span class='ocrx_word' id='word_1_83' title='bbox 1436 730 1564 765; x_wconf 71' lang='lat' dir='ltr'>enuere</span> <span class='ocrx_word' id='word_1_84' title='bbox 1580 732 1620 764; x_wconf 86' lang='lat' dir='ltr'>de</span> <span class='ocrx_word' id='word_1_85' title='bbox 1637 731 1742 764; x_wconf 83' lang='lat' dir='ltr'>balles</span> <span class='ocrx_word' id='word_1_86' title='bbox 1762 734 1959 771; x_wconf 76' lang='lat' dir='ltr'>provenant</span> <span class='ocrx_word' id='word_1_87' title='bbox 1981 732 2138 776; x_wconf 66' lang='lat' dir='ltr'>tow&#39;ours</span> 
     </span>
     <span class='ocr_line' id='line_1_8' title="bbox 443 786 2139 832; baseline -0.002 -8"><span class='ocrx_word' id='word_1_88' title='bbox 443 791 483 824; x_wconf 85' lang='lat' dir='ltr'>de</span> <span class='ocrx_word' id='word_1_89' title='bbox 507 791 542 824; x_wconf 89' lang='lat' dir='ltr'>la</span> <span class='ocrx_word' id='word_1_90' title='bbox 565 793 672 824; x_wconf 77' lang='lat' dir='ltr'>meme</span> <span class='ocrx_word' id='word_1_91' title='bbox 696 799 817 823; x_wconf 82' lang='lat' dir='ltr'><em>source</em></span> <span class='ocrx_word' id='word_1_92' title='bbox 842 791 914 832; x_wconf 83' lang='lat' dir='ltr'>(car</span> <span class='ocrx_word' id='word_1_93' title='bbox 937 798 1024 822; x_wconf 79' lang='lat' dir='ltr'>nous</span> <span class='ocrx_word' id='word_1_94' title='bbox 1048 798 1155 822; x_wconf 77' lang='lat' dir='ltr'>avons</span> <span class='ocrx_word' id='word_1_95' title='bbox 1178 798 1240 831; x_wconf 81' lang='lat' dir='ltr'>su,</span> <span class='ocrx_word' id='word_1_96' title='bbox 1275 790 1395 830; x_wconf 77' lang='lat' dir='ltr'>depuis</span> <span class='ocrx_word' id='word_1_97' title='bbox 1418 789 1454 822; x_wconf 88' lang='lat' dir='ltr'>la</span> <span class='ocrx_word' id='word_1_98' title='bbox 1473 788 1685 830; x_wconf 78' lang='lat' dir='ltr'><em>publication</em></span> <span class='ocrx_word' id='word_1_99' title='bbox 1709 789 1756 820; x_wconf 82' lang='lat' dir='ltr'>du</span> <span class='ocrx_word' id='word_1_100' title='bbox 1779 786 1817 820; x_wconf 73' lang='lat'>4⁶</span> <span class='ocrx_word' id='word_1_101' title='bbox 1840 787 2023 829; x_wconf 74' lang='lat' dir='ltr'>fasciculo,</span> <span class='ocrx_word' id='word_1_102' title='bbox 2057 788 2139 832; x_wconf 64' lang='lat' dir='ltr'>qu&#39;il</span> 
     </span>
     <span class='ocr_line' id='line_1_9' title="bbox 442 843 2136 891; baseline -0.001 -11"><span class='ocrx_word' id='word_1_103' title='bbox 442 847 500 888; x_wconf 75' lang='lat' dir='ltr'>n&#39;y</span> <span class='ocrx_word' id='word_1_104' title='bbox 524 857 566 881; x_wconf 86' lang='lat' dir='ltr'>en</span> <span class='ocrx_word' id='word_1_105' title='bbox 591 849 685 881; x_wconf 83' lang='lat' dir='ltr'>avait</span> <span class='ocrx_word' id='word_1_106' title='bbox 709 850 746 881; x_wconf 73' lang='lat' dir='ltr'>ni</span> <span class='ocrx_word' id='word_1_107' title='bbox 770 849 811 880; x_wconf 85' lang='lat' dir='ltr'>de</span> <span class='ocrx_word' id='word_1_108' title='bbox 835 847 1031 891; x_wconf 78' lang='lat' dir='ltr'>Macerata,</span> <span class='ocrx_word' id='word_1_109' title='bbox 1066 849 1103 880; x_wconf 80' lang='lat' dir='ltr'>m·</span> <span class='ocrx_word' id='word_1_110' title='bbox 1126 846 1253 887; x_wconf 79' lang='lat' dir='ltr'>d’Atri,</span> <span class='ocrx_word' id='word_1_111' title='bbox 1285 847 1373 879; x_wconf 82' lang='lat' dir='ltr'>mais</span> <span class='ocrx_word' id='word_1_112' title='bbox 1405 843 1540 886; x_wconf 80' lang='lat' dir='ltr'>qu&#39;clles</span> <span class='ocrx_word' id='word_1_113' title='bbox 1572 844 1698 877; x_wconf 70' lang='lat' dir='ltr'>etaient</span> <span class='ocrx_word' id='word_1_114' title='bbox 1722 847 1832 878; x_wconf 68' lang='lat' dir='ltr'>toules</span> <span class='ocrx_word' id='word_1_115' title='bbox 1857 845 1959 878; x_wconf 71' lang='lat' dir='ltr'>tirees</span> <span class='ocrx_word' id='word_1_116' title='bbox 1982 845 2030 882; x_wconf 74' lang='lat' dir='ltr'>du</span> <span class='ocrx_word' id='word_1_117' title='bbox 2048 846 2136 888; x_wconf 63' lang='lat' dir='ltr'>petit</span> 
     </span>
     <span class='ocr_line' id='line_1_10' title="bbox 442 900 2137 944; baseline -0.001 -7"><span class='ocrx_word' id='word_1_118' title='bbox 442 913 543 937; x_wconf 84' lang='lat' dir='ltr'>cours</span> <span class='ocrx_word' id='word_1_119' title='bbox 574 904 675 938; x_wconf 83' lang='lat' dir='ltr'>d&#39;eau</span> <span class='ocrx_word' id='word_1_120' title='bbox 698 905 757 944; x_wconf 79' lang='lat' dir='ltr'>qui</span> <span class='ocrx_word' id='word_1_121' title='bbox 781 904 884 936; x_wconf 76' lang='lat' dir='ltr'>borne</span> <span class='ocrx_word' id='word_1_122' title='bbox 908 904 955 936; x_wconf 83' lang='lat' dir='ltr'>du</span> <span class='ocrx_word' id='word_1_123' title='bbox 978 905 1044 936; x_wconf 84' lang='lat' dir='ltr'>sud</span> <span class='ocrx_word' id='word_1_124' title='bbox 1068 902 1182 937; x_wconf 83' lang='lat' dir='ltr'>Ascoli</span> <span class='ocrx_word' id='word_1_125' title='bbox 1209 903 1244 944; x_wconf 92' lang='lat' dir='ltr'>[i.</span> <span class='ocrx_word' id='word_1_126' title='bbox 1262 912 1293 937; x_wconf 89' lang='lat' dir='ltr'>e.</span> <span class='ocrx_word' id='word_1_127' title='bbox 1319 901 1555 943; x_wconf 75' lang='lat' dir='ltr'>castellanoD.</span> <span class='ocrx_word' id='word_1_128' title='bbox 1610 901 1701 935; x_wconf 85' lang='lat' dir='ltr'>Cette</span> <span class='ocrx_word' id='word_1_129' title='bbox 1732 900 1890 934; x_wconf 76' lang='lat' dir='ltr'>dernier-e</span> <span class='ocrx_word' id='word_1_130' title='bbox 1917 902 2092 936; x_wconf 74' lang='lat' dir='ltr'>collection</span> <span class='ocrx_word' id='word_1_131' title='bbox 2115 911 2137 936; x_wconf 87' lang='lat' dir='ltr'>a</span> 
     </span>
     <span class='ocr_line' id='line_1_11' title="bbox 442 959 2237 1006; baseline 0 -12"><span class='ocrx_word' id='word_1_132' title='bbox 442 961 494 994; x_wconf 72' lang='lat' dir='ltr'>ete</span> <span class='ocrx_word' id='word_1_133' title='bbox 522 962 651 1003; x_wconf 69' lang='lat' dir='ltr'>formee</span> <span class='ocrx_word' id='word_1_134' title='bbox 682 962 864 994; x_wconf 77' lang='lat' dir='ltr'>lentement</span> <span class='ocrx_word' id='word_1_135' title='bbox 896 964 928 993; x_wconf 85' lang='lat' dir='ltr'>et</span> <span class='ocrx_word' id='word_1_136' title='bbox 959 969 1041 993; x_wconf 85' lang='lat' dir='ltr'>avec</span> <span class='ocrx_word' id='word_1_137' title='bbox 1070 962 1146 993; x_wconf 76' lang='lat' dir='ltr'>som</span> <span class='ocrx_word' id='word_1_138' title='bbox 1178 961 1298 1001; x_wconf 78' lang='lat' dir='ltr'>depuis</span> <span class='ocrx_word' id='word_1_139' title='bbox 1331 960 1406 993; x_wconf 81' lang='lat' dir='ltr'>bien</span> <span class='ocrx_word' id='word_1_140' title='bbox 1438 960 1498 992; x_wconf 79' lang='lat' dir='ltr'>des</span> <span class='ocrx_word' id='word_1_141' title='bbox 1529 960 1675 997; x_wconf 41' lang='lat' dir='ltr'>annae&amp;</span> <span class='ocrx_word' id='word_1_142' title='bbox 1712 961 1744 991; x_wconf 85' lang='lat' dir='ltr'>et</span> <span class='ocrx_word' id='word_1_143' title='bbox 1774 959 1818 992; x_wconf 78' lang='lat' dir='ltr'>ils</span> <span class='ocrx_word' id='word_1_144' title='bbox 1845 961 1976 999; x_wconf 67' lang='lat' dir='ltr'>purant</span> <span class='ocrx_word' id='word_1_145' title='bbox 1998 959 2140 1000; x_wconf 64' lang='lat' dir='ltr'>effletur</span> <span class='ocrx_word' id='word_1_146' title='bbox 2235 1004 2237 1006; x_wconf 14' lang='lat' dir='ltr'>q</span> 
     </span>
     <span class='ocr_line' id='line_1_12' title="bbox 443 1003 2242 1066; baseline 0.001 -16"><span class='ocrx_word' id='word_1_147' title='bbox 443 1017 575 1051; x_wconf 82' lang='lat' dir='ltr'>d’avoir</span> <span class='ocrx_word' id='word_1_148' title='bbox 591 1019 693 1058; x_wconf 80' lang='lat' dir='ltr'>ainsi,</span> <span class='ocrx_word' id='word_1_149' title='bbox 721 1027 763 1051; x_wconf 80' lang='lat' dir='ltr'>en</span> <span class='ocrx_word' id='word_1_150' title='bbox 778 1027 846 1051; x_wconf 77' lang='lat' dir='ltr'>une</span> <span class='ocrx_word' id='word_1_151' title='bbox 868 1018 946 1058; x_wconf 66' lang='grc' dir='ltr'>ΐοὶε,</span> <span class='ocrx_word' id='word_1_152' title='bbox 974 1017 1004 1050; x_wconf 88' lang='lat' dir='ltr'>le</span> <span class='ocrx_word' id='word_1_153' title='bbox 1027 1018 1173 1050; x_wconf 73' lang='lat' dir='ltr'>resultat</span> <span class='ocrx_word' id='word_1_154' title='bbox 1189 1018 1230 1050; x_wconf 83' lang='lat' dir='ltr'>de</span> <span class='ocrx_word' id='word_1_155' title='bbox 1247 1020 1357 1050; x_wconf 83' lang='lat' dir='ltr'>toutes</span> <span class='ocrx_word' id='word_1_156' title='bbox 1374 1017 1422 1049; x_wconf 86' lang='lat' dir='ltr'>les</span> <span class='ocrx_word' id='word_1_157' title='bbox 1446 1015 1645 1049; x_wconf 82' lang='lat' dir='ltr'>trouvailles</span> <span class='ocrx_word' id='word_1_158' title='bbox 1661 1016 1719 1055; x_wconf 78' lang='lat' dir='ltr'>qui</span> <span class='ocrx_word' id='word_1_159' title='bbox 1743 1016 1819 1048; x_wconf 84' lang='lat' dir='ltr'>leur</span> <span class='ocrx_word' id='word_1_160' title='bbox 1834 1017 1973 1050; x_wconf 73' lang='lat' dir='ltr'>waiam</span> <span class='ocrx_word' id='word_1_161' title='bbox 1987 1015 2138 1057; x_wconf 64' lang='lat' dir='ltr'>dohappe</span> <span class='ocrx_word' id='word_1_162' title='bbox 2213 1003 2242 1066; x_wconf 59' lang='lat'>⁹⁵}</span> 
     </span>
     <span class='ocr_line' id='line_1_13' title="bbox 442 1065 2242 1115; baseline -0.001 -8"><span class='ocrx_word' id='word_1_163' title='bbox 442 1075 513 1107; x_wconf 82' lang='lat' dir='ltr'>lors</span> <span class='ocrx_word' id='word_1_164' title='bbox 545 1075 603 1107; x_wconf 85' lang='lat' dir='ltr'>des</span> <span class='ocrx_word' id='word_1_165' title='bbox 633 1076 719 1107; x_wconf 80' lang='lat' dir='ltr'>trois</span> <span class='ocrx_word' id='word_1_166' title='bbox 747 1074 938 1115; x_wconf 75' lang='lat' dir='ltr'>premieres</span> <span class='ocrx_word' id='word_1_167' title='bbox 962 1075 1183 1114; x_wconf 72' lang='lat' dir='ltr'>acquisitions</span> <span class='ocrx_word' id='word_1_168' title='bbox 1207 1081 1407 1107; x_wconf 69' lang='lat' dir='ltr'>nnsunnms</span> <span class='ocrx_word' id='word_1_169' title='bbox 1431 1072 1517 1107; x_wconf 85' lang='lat' dir='ltr'>fasc.</span> <span class='ocrx_word' id='word_1_170' title='bbox 1535 1075 1554 1105; x_wconf 82' lang='lat'>5</span> <span class='ocrx_word' id='word_1_171' title='bbox 1583 1071 1696 1114; x_wconf 84' lang='grc'><strong>(4876)</strong></span> <span class='ocrx_word' id='word_1_172' title='bbox 1722 1081 1756 1115; x_wconf 92' lang='lat' dir='ltr'>p.</span> <span class='ocrx_word' id='word_1_173' title='bbox 1776 1074 1831 1106; x_wconf 83' lang='lat'>93.</span> <span class='ocrx_word' id='word_1_174' title='bbox 1854 1089 1901 1096; x_wconf 89' lang='lat'>—-</span> <span class='ocrx_word' id='word_1_175' title='bbox 1932 1072 1984 1105; x_wconf 87' lang='lat' dir='ltr'>De</span> <span class='ocrx_word' id='word_1_176' title='bbox 2006 1065 2148 1106; x_wconf 47' lang='lat' dir='ltr'>iisdem*</span> <span class='ocrx_word' id='word_1_177' title='bbox 2196 1095 2207 1109; x_wconf 16' lang='grc' dir='ltr'>,Α</span> <span class='ocrx_word' id='word_1_178' title='bbox 2225 1079 2242 1105; x_wconf 57' lang='grc'>”.’</span> 
     </span>
     <span class='ocr_line' id='line_1_14' title="bbox 441 1125 2242 1173; baseline 0.001 -11"><span class='ocrx_word' id='word_1_179' title='bbox 441 1132 506 1162; x_wconf 79' lang='grc'>445</span> <span class='ocrx_word' id='word_1_180' title='bbox 526 1140 604 1173; x_wconf 86' lang='lat' dir='ltr'><strong>sqq.</strong></span> <span class='ocrx_word' id='word_1_181' title='bbox 633 1131 722 1163; x_wconf 90' lang='lat' dir='ltr'>mihi</span> <span class='ocrx_word' id='word_1_182' title='bbox 747 1131 1007 1164; x_wconf 88' lang='lat' dir='ltr'>Feuardentius</span> <span class='ocrx_word' id='word_1_183' title='bbox 1041 1131 1188 1173; x_wconf 57' lang='lat' dir='ltr'>scripsit&gt;</span> <span class='ocrx_word' id='word_1_184' title='bbox 1218 1130 1347 1163; x_wconf 91' lang='lat' dir='ltr'>litteris</span> <span class='ocrx_word' id='word_1_185' title='bbox 1371 1130 1464 1163; x_wconf 88' lang='lat' dir='ltr'>datis</span> <span class='ocrx_word' id='word_1_186' title='bbox 1489 1129 1634 1162; x_wconf 91' lang='lat' dir='ltr'>Parisiis</span> <span class='ocrx_word' id='word_1_187' title='bbox 1659 1131 1701 1161; x_wconf 98' lang='grc'>48</span> <span class='ocrx_word' id='word_1_188' title='bbox 1728 1128 1820 1162; x_wconf 89' lang='lat' dir='ltr'>Nov.</span> <span class='ocrx_word' id='word_1_189' title='bbox 1841 1130 1943 1170; x_wconf 81' lang='grc'><strong>4875,</strong></span> <span class='ocrx_word' id='word_1_190' title='bbox 1970 1130 2067 1163; x_wconf 82' lang='lat' dir='ltr'>certa</span> <span class='ocrx_word' id='word_1_191' title='bbox 2091 1129 2138 1164; x_wconf 84' lang='lat' dir='ltr'>de</span> <span class='ocrx_word' id='word_1_192' title='bbox 2238 1125 2242 1132; x_wconf 85' lang='lat'>&#39;</span> 
     </span>
     <span class='ocr_line' id='line_1_15' title="bbox 442 1185 2138 1230; baseline 0.001 -10"><span class='ocrx_word' id='word_1_193' title='bbox 442 1196 567 1220; x_wconf 89' lang='lat' dir='ltr'>earum</span> <span class='ocrx_word' id='word_1_194' title='bbox 600 1188 738 1229; x_wconf 83' lang='lat' dir='ltr'>origine</span> <span class='ocrx_word' id='word_1_195' title='bbox 763 1196 801 1220; x_wconf 90' lang='lat' dir='ltr'>se</span> <span class='ocrx_word' id='word_1_196' title='bbox 826 1188 989 1220; x_wconf 88' lang='lat' dir='ltr'>indicare</span> <span class='ocrx_word' id='word_1_197' title='bbox 1013 1196 1084 1220; x_wconf 91' lang='lat' dir='ltr'>non</span> <span class='ocrx_word' id='word_1_198' title='bbox 1109 1195 1235 1230; x_wconf 91' lang='lat' dir='ltr'>posse,</span> <span class='ocrx_word' id='word_1_199' title='bbox 1268 1187 1332 1221; x_wconf 90' lang='lat' dir='ltr'>sed</span> <span class='ocrx_word' id='word_1_200' title='bbox 1365 1196 1404 1220; x_wconf 92' lang='lat' dir='ltr'>se</span> <span class='ocrx_word' id='word_1_201' title='bbox 1437 1186 1586 1220; x_wconf 87' lang='lat' dir='ltr'>credere</span> <span class='ocrx_word' id='word_1_202' title='bbox 1611 1187 1652 1218; x_wconf 90' lang='lat' dir='ltr'>ut</span> <span class='ocrx_word' id='word_1_203' title='bbox 1682 1187 1886 1218; x_wconf 83' lang='lat' dir='ltr'>ceterarum</span> <span class='ocrx_word' id='word_1_204' title='bbox 1915 1185 1940 1226; x_wconf 94' lang='grc'>(4</span> <span class='ocrx_word' id='word_1_205' title='bbox 1964 1185 2055 1229; x_wconf 87' lang='lat' dir='ltr'>sqq.)</span> <span class='ocrx_word' id='word_1_206' title='bbox 2087 1187 2138 1221; x_wconf 84' lang='lat' dir='ltr'>ita</span> 
     </span>
     <span class='ocr_line' id='line_1_16' title="bbox 440 1242 2136 1287; baseline 0.001 -11"><span class='ocrx_word' id='word_1_207' title='bbox 440 1244 568 1277; x_wconf 90' lang='lat' dir='ltr'>harum</span> <span class='ocrx_word' id='word_1_208' title='bbox 592 1244 815 1285; x_wconf 89' lang='lat' dir='ltr'>undeviginti</span> <span class='ocrx_word' id='word_1_209' title='bbox 845 1246 966 1287; x_wconf 87' lang='lat' dir='ltr'>partes</span> <span class='ocrx_word' id='word_1_210' title='bbox 990 1244 1198 1286; x_wconf 89' lang='lat' dir='ltr'>provenisse</span> <span class='ocrx_word' id='word_1_211' title='bbox 1215 1244 1361 1279; x_wconf 88' lang='lat' dir='ltr'>Asculo.</span> <span class='ocrx_word' id='word_1_212' title='bbox 1396 1243 1486 1277; x_wconf 88' lang='lat' dir='ltr'>Esse</span> <span class='ocrx_word' id='word_1_213' title='bbox 1510 1244 1546 1275; x_wconf 90' lang='lat' dir='ltr'>in</span> <span class='ocrx_word' id='word_1_214' title='bbox 1571 1243 1615 1276; x_wconf 93' lang='lat' dir='ltr'>iis</span> <span class='ocrx_word' id='word_1_215' title='bbox 1640 1242 1790 1284; x_wconf 83' lang='lat' dir='ltr'>glandes</span> <span class='ocrx_word' id='word_1_216' title='bbox 1814 1251 1836 1275; x_wconf 87' lang='lat' dir='ltr'>a</span> <span class='ocrx_word' id='word_1_217' title='bbox 1861 1243 1994 1276; x_wconf 71' lang='lat' dir='ltr'>comite</span> <span class='ocrx_word' id='word_1_218' title='bbox 2009 1242 2136 1286; x_wconf 81' lang='lat' dir='ltr'>Arpini</span> 
     </span>
     <span class='ocr_line' id='line_1_17' title="bbox 440 1298 2159 1344; baseline 0.001 -12"><span class='ocrx_word' id='word_1_219' title='bbox 440 1300 622 1334; x_wconf 87' lang='lat' dir='ltr'>collectas.</span> <span class='ocrx_word' id='word_1_220' title='bbox 673 1301 707 1333; x_wconf 89' lang='lat' dir='ltr'>ls</span> <span class='ocrx_word' id='word_1_221' title='bbox 742 1301 806 1342; x_wconf 89' lang='lat' dir='ltr'>(sic</span> <span class='ocrx_word' id='word_1_222' title='bbox 835 1300 910 1334; x_wconf 86' lang='lat' dir='ltr'>fere</span> <span class='ocrx_word' id='word_1_223' title='bbox 935 1301 1203 1342; x_wconf 88' lang='lat' dir='ltr'>Feuardentius)</span> <span class='ocrx_word' id='word_1_224' title='bbox 1241 1301 1339 1334; x_wconf 90' lang='lat' dir='ltr'>haud</span> <span class='ocrx_word' id='word_1_225' title='bbox 1363 1300 1489 1344; x_wconf 88' lang='lat' dir='ltr'>procul</span> <span class='ocrx_word' id='word_1_226' title='bbox 1525 1299 1556 1342; x_wconf 83' lang='grc' dir='ltr'>(ὰ</span> <span class='ocrx_word' id='word_1_227' title='bbox 1587 1300 1748 1340; x_wconf 78' lang='lat' dir='ltr'>quelques</span> <span class='ocrx_word' id='word_1_228' title='bbox 1771 1298 1977 1341; x_wconf 71' lang='lat' dir='ltr'>kilometres)</span> <span class='ocrx_word' id='word_1_229' title='bbox 2002 1298 2159 1334; x_wconf 75' lang='lat' dir='ltr'>Asculo*</span> 
     </span>
     <span class='ocr_line' id='line_1_18' title="bbox 438 1356 2136 1401; baseline 0.001 -12"><span class='ocrx_word' id='word_1_230' title='bbox 438 1357 606 1391; x_wconf 87' lang='lat' dir='ltr'>habitans</span> <span class='ocrx_word' id='word_1_231' title='bbox 623 1358 790 1400; x_wconf 88' lang='lat' dir='ltr'>quotiens</span> <span class='ocrx_word' id='word_1_232' title='bbox 814 1358 850 1390; x_wconf 90' lang='lat' dir='ltr'>in</span> <span class='ocrx_word' id='word_1_233' title='bbox 870 1357 907 1390; x_wconf 94' lang='lat' dir='ltr'>id</span> <span class='ocrx_word' id='word_1_234' title='bbox 923 1358 1098 1401; x_wconf 91' lang='lat' dir='ltr'>oppidum</span> <span class='ocrx_word' id='word_1_235' title='bbox 1113 1358 1214 1390; x_wconf 86' lang='lat' dir='ltr'>venit</span> <span class='ocrx_word' id='word_1_236' title='bbox 1232 1357 1304 1399; x_wconf 87' lang='lat' dir='ltr'>(ubi</span> <span class='ocrx_word' id='word_1_237' title='bbox 1330 1358 1365 1390; x_wconf 91' lang='lat' dir='ltr'>in</span> <span class='ocrx_word' id='word_1_238' title='bbox 1390 1357 1520 1390; x_wconf 79' lang='lat' dir='ltr'>theatri</span> <span class='ocrx_word' id='word_1_239' title='bbox 1538 1356 1724 1389; x_wconf 82' lang='lat' dir='ltr'>orchestra</span> <span class='ocrx_word' id='word_1_240' title='bbox 1743 1356 1993 1399; x_wconf 81' lang='lat' dir='ltr'>symphoniaci</span> <span class='ocrx_word' id='word_1_241' title='bbox 2016 1359 2136 1400; x_wconf 78' lang='lat' dir='ltr'>partes</span> 
     </span>
     <span class='ocr_line' id='line_1_19' title="bbox 439 1413 2136 1456; baseline 0.001 -10"><span class='ocrx_word' id='word_1_242' title='bbox 439 1422 546 1455; x_wconf 85' lang='lat' dir='ltr'>agere</span> <span class='ocrx_word' id='word_1_243' title='bbox 578 1414 854 1456; x_wconf 81' lang='lat' dir='ltr'>delectabatur),</span> <span class='ocrx_word' id='word_1_244' title='bbox 886 1425 906 1448; x_wconf 94' lang='lat' dir='ltr'>a</span> <span class='ocrx_word' id='word_1_245' title='bbox 941 1415 1125 1448; x_wconf 87' lang='lat' dir='ltr'>dulciariis</span> <span class='ocrx_word' id='word_1_246' title='bbox 1156 1416 1192 1447; x_wconf 87' lang='lat' dir='ltr'>et</span> <span class='ocrx_word' id='word_1_247' title='bbox 1223 1414 1434 1448; x_wconf 89' lang='lat' dir='ltr'>aurificibus</span> <span class='ocrx_word' id='word_1_248' title='bbox 1464 1413 1613 1456; x_wconf 84' lang='lat' dir='ltr'>glandes</span> <span class='ocrx_word' id='word_1_249' title='bbox 1637 1414 1674 1445; x_wconf 92' lang='lat' dir='ltr'>in</span> <span class='ocrx_word' id='word_1_250' title='bbox 1699 1413 1777 1446; x_wconf 90' lang='lat' dir='ltr'>eius</span> <span class='ocrx_word' id='word_1_251' title='bbox 1801 1422 1910 1447; x_wconf 87' lang='lat' dir='ltr'>usum</span> <span class='ocrx_word' id='word_1_252' title='bbox 1933 1415 2136 1448; x_wconf 77' lang='lat' dir='ltr'>reservatas</span> 
     </span>
     <span class='ocr_line' id='line_1_20' title="bbox 439 1470 2242 1520; baseline 0.001 -18"><span class='ocrx_word' id='word_1_253' title='bbox 439 1471 541 1509; x_wconf 89' lang='lat' dir='ltr'>emit;</span> <span class='ocrx_word' id='word_1_254' title='bbox 577 1471 640 1504; x_wconf 91' lang='lat' dir='ltr'>sed</span> <span class='ocrx_word' id='word_1_255' title='bbox 673 1471 824 1505; x_wconf 91' lang='lat' dir='ltr'>domum</span> <span class='ocrx_word' id='word_1_256' title='bbox 856 1481 1024 1505; x_wconf 87' lang='lat' dir='ltr'>reversus</span> <span class='ocrx_word' id='word_1_257' title='bbox 1057 1473 1312 1514; x_wconf 86' lang='lat' dir='ltr'>inscriptiones</span> <span class='ocrx_word' id='word_1_258' title='bbox 1345 1471 1441 1505; x_wconf 91' lang='lat' dir='ltr'>solas</span> <span class='ocrx_word' id='word_1_259' title='bbox 1471 1470 1754 1508; x_wconf 87' lang='lat' dir='ltr'>transcribebat‚</span> <span class='ocrx_word' id='word_1_260' title='bbox 1793 1470 1838 1503; x_wconf 92' lang='lat' dir='ltr'>de</span> <span class='ocrx_word' id='word_1_261' title='bbox 1871 1471 2010 1512; x_wconf 85' lang='lat' dir='ltr'>origine</span> <span class='ocrx_word' id='word_1_262' title='bbox 2034 1471 2135 1504; x_wconf 81' lang='lat' dir='ltr'>nihil</span> <span class='ocrx_word' id='word_1_263' title='bbox 2239 1517 2242 1520; x_wconf 16' lang='grc' dir='ltr'><strong><em>Δ</em></strong></span> 
     </span>
     <span class='ocr_line' id='line_1_21' title="bbox 437 1522 2242 1571; baseline -0.001 -11"><span class='ocrx_word' id='word_1_264' title='bbox 437 1527 643 1561; x_wconf 87' lang='lat' dir='ltr'>adnotabat.</span> <span class='ocrx_word' id='word_1_265' title='bbox 701 1529 763 1561; x_wconf 92' lang='lat' dir='ltr'>His</span> <span class='ocrx_word' id='word_1_266' title='bbox 797 1529 842 1562; x_wconf 90' lang='lat' dir='ltr'>ab</span> <span class='ocrx_word' id='word_1_267' title='bbox 866 1530 1015 1571; x_wconf 89' lang='lat' dir='ltr'>Arpinio</span> <span class='ocrx_word' id='word_1_268' title='bbox 1042 1529 1203 1562; x_wconf 86' lang='lat' dir='ltr'>collectis</span> <span class='ocrx_word' id='word_1_269' title='bbox 1237 1528 1423 1562; x_wconf 87' lang='lat' dir='ltr'>addidisse</span> <span class='ocrx_word' id='word_1_270' title='bbox 1448 1538 1486 1561; x_wconf 90' lang='lat' dir='ltr'>se</span> <span class='ocrx_word' id='word_1_271' title='bbox 1510 1527 1768 1561; x_wconf 87' lang='lat' dir='ltr'>Feuardentius</span> <span class='ocrx_word' id='word_1_272' title='bbox 1797 1528 1859 1569; x_wconf 88' lang='lat' dir='ltr'>ait,</span> <span class='ocrx_word' id='word_1_273' title='bbox 1885 1535 2135 1571; x_wconf 83' lang='lat' dir='ltr'>quaecumque</span> <span class='ocrx_word' id='word_1_274' title='bbox 2197 1534 2215 1563; x_wconf 70' lang='grc'>,’</span> <span class='ocrx_word' id='word_1_275' title='bbox 2240 1522 2242 1559; x_wconf 71' lang='lat'>3</span> 
     </span>
     <span class='ocr_line' id='line_1_22' title="bbox 439 1584 2134 1629; baseline 0.001 -13"><span class='ocrx_word' id='word_1_276' title='bbox 439 1585 575 1618; x_wconf 88' lang='lat' dir='ltr'>interea</span> <span class='ocrx_word' id='word_1_277' title='bbox 603 1584 638 1626; x_wconf 90' lang='lat' dir='ltr'>[i.</span> <span class='ocrx_word' id='word_1_278' title='bbox 655 1594 686 1618; x_wconf 91' lang='lat' dir='ltr'>e.</span> <span class='ocrx_word' id='word_1_279' title='bbox 703 1588 896 1628; x_wconf 86' lang='lat' dir='ltr'>postquam</span> <span class='ocrx_word' id='word_1_280' title='bbox 921 1588 1099 1619; x_wconf 87' lang='grc'><strong>223-444</strong></span> <span class='ocrx_word' id='word_1_281' title='bbox 1121 1585 1275 1629; x_wconf 77' lang='lat' dir='ltr'>accepit]</span> <span class='ocrx_word' id='word_1_282' title='bbox 1303 1585 1426 1619; x_wconf 87' lang='lat' dir='ltr'>Asculi</span> <span class='ocrx_word' id='word_1_283' title='bbox 1450 1587 1614 1628; x_wconf 85' lang='lat' dir='ltr'>repertae</span> <span class='ocrx_word' id='word_1_284' title='bbox 1641 1585 1773 1618; x_wconf 87' lang='lat' dir='ltr'>essent.</span> <span class='ocrx_word' id='word_1_285' title='bbox 1794 1602 1840 1608; x_wconf 89' lang='lat'>—</span> <span class='ocrx_word' id='word_1_286' title='bbox 1865 1584 1964 1618; x_wconf 81' lang='lat' dir='ltr'>Haec</span> <span class='ocrx_word' id='word_1_287' title='bbox 1986 1585 2045 1618; x_wconf 85' lang='lat' dir='ltr'>vir</span> <span class='ocrx_word' id='word_1_288' title='bbox 2067 1585 2134 1618; x_wconf 87' lang='lat' dir='ltr'>ho-</span> 
     </span>
     <span class='ocr_line' id='line_1_23' title="bbox 438 1641 2132 1683; baseline 0.001 -9"><span class='ocrx_word' id='word_1_289' title='bbox 438 1642 666 1675; x_wconf 89' lang='lat' dir='ltr'>nestissimus</span> <span class='ocrx_word' id='word_1_290' title='bbox 690 1643 829 1676; x_wconf 88' lang='lat' dir='ltr'>rettulit</span> <span class='ocrx_word' id='word_1_291' title='bbox 852 1643 961 1676; x_wconf 83' lang='lat' dir='ltr'>relata</span> <span class='ocrx_word' id='word_1_292' title='bbox 988 1644 1126 1676; x_wconf 87' lang='lat' dir='ltr'>scilicet</span> <span class='ocrx_word' id='word_1_293' title='bbox 1154 1653 1174 1676; x_wconf 89' lang='lat' dir='ltr'>a</span> <span class='ocrx_word' id='word_1_294' title='bbox 1196 1642 1447 1676; x_wconf 87' lang='lat' dir='ltr'>venditoribus</span> <span class='ocrx_word' id='word_1_295' title='bbox 1471 1642 1672 1675; x_wconf 82' lang='lat' dir='ltr'>Asculanis.</span> <span class='ocrx_word' id='word_1_296' title='bbox 1719 1641 1795 1683; x_wconf 85' lang='lat' dir='ltr'>Ego</span> <span class='ocrx_word' id='word_1_297' title='bbox 1820 1641 1866 1675; x_wconf 91' lang='lat' dir='ltr'>de</span> <span class='ocrx_word' id='word_1_298' title='bbox 1889 1650 1932 1675; x_wconf 86' lang='lat' dir='ltr'>ea</span> <span class='ocrx_word' id='word_1_299' title='bbox 1956 1650 1996 1675; x_wconf 87' lang='lat' dir='ltr'>re</span> <span class='ocrx_word' id='word_1_300' title='bbox 2011 1641 2132 1676; x_wconf 84' lang='lat' dir='ltr'>Asculi</span> 
     </span>
     <span class='ocr_line' id='line_1_24' title="bbox 436 1698 2136 1742; baseline 0.002 -12"><span class='ocrx_word' id='word_1_301' title='bbox 436 1699 627 1732; x_wconf 84' lang='lat' dir='ltr'>sciscitans</span> <span class='ocrx_word' id='word_1_302' title='bbox 650 1708 684 1733; x_wconf 86' lang='lat' dir='ltr'>a.</span> <span class='ocrx_word' id='word_1_303' title='bbox 708 1701 794 1732; x_wconf 92' lang='grc'><strong>4877</strong></span> <span class='ocrx_word' id='word_1_304' title='bbox 829 1709 850 1733; x_wconf 90' lang='lat' dir='ltr'>a</span> <span class='ocrx_word' id='word_1_305' title='bbox 881 1701 1006 1742; x_wconf 87' lang='lat' dir='ltr'>peritis</span> <span class='ocrx_word' id='word_1_306' title='bbox 1040 1701 1200 1742; x_wconf 89' lang='lat' dir='ltr'>comperi</span> <span class='ocrx_word' id='word_1_307' title='bbox 1234 1700 1339 1733; x_wconf 88' lang='lat' dir='ltr'>haec:</span> <span class='ocrx_word' id='word_1_308' title='bbox 1383 1700 1614 1732; x_wconf 91' lang='lat' dir='ltr'>Dominicum</span> <span class='ocrx_word' id='word_1_309' title='bbox 1646 1699 1817 1732; x_wconf 87' lang='lat' dir='ltr'>comitem</span> <span class='ocrx_word' id='word_1_310' title='bbox 1848 1698 1973 1741; x_wconf 87' lang='lat' dir='ltr'>Arpini</span> <span class='ocrx_word' id='word_1_311' title='bbox 2007 1698 2050 1740; x_wconf 89' lang='lat' dir='ltr'>(is</span> <span class='ocrx_word' id='word_1_312' title='bbox 2080 1701 2136 1733; x_wconf 87' lang='lat' dir='ltr'>te-</span> 
     </span>
     <span class='ocr_line' id='line_1_25' title="bbox 436 1755 2137 1800; baseline 0.001 -13"><span class='ocrx_word' id='word_1_313' title='bbox 436 1755 630 1788; x_wconf 89' lang='lat' dir='ltr'>trachordo</span> <span class='ocrx_word' id='word_1_314' title='bbox 647 1756 727 1788; x_wconf 92' lang='lat' dir='ltr'>soni</span> <span class='ocrx_word' id='word_1_315' title='bbox 743 1757 957 1798; x_wconf 90' lang='lat' dir='ltr'>gravissimi,</span> <span class='ocrx_word' id='word_1_316' title='bbox 984 1766 1018 1799; x_wconf 88' lang='lat' dir='ltr'>q.</span> <span class='ocrx_word' id='word_1_317' title='bbox 1034 1766 1068 1790; x_wconf 92' lang='lat' dir='ltr'>v.</span> <span class='ocrx_word' id='word_1_318' title='bbox 1085 1758 1320 1797; x_wconf 80' lang='lat' dir='ltr'>contrabasso‚</span> <span class='ocrx_word' id='word_1_319' title='bbox 1346 1756 1501 1800; x_wconf 90' lang='lat' dir='ltr'>psallere</span> <span class='ocrx_word' id='word_1_320' title='bbox 1526 1756 1689 1798; x_wconf 88' lang='lat' dir='ltr'>callebat)</span> <span class='ocrx_word' id='word_1_321' title='bbox 1716 1755 1864 1798; x_wconf 82' lang='lat' dir='ltr'>glandes</span> <span class='ocrx_word' id='word_1_322' title='bbox 1879 1755 1937 1788; x_wconf 88' lang='lat' dir='ltr'>vel</span> <span class='ocrx_word' id='word_1_323' title='bbox 1960 1755 2032 1789; x_wconf 81' lang='lat' dir='ltr'>alia</span> <span class='ocrx_word' id='word_1_324' title='bbox 2054 1764 2137 1790; x_wconf 92' lang='lat' dir='ltr'>mo-</span> 
     </span>
     <span class='ocr_line' id='line_1_26' title="bbox 435 1811 2168 1856; baseline 0.003 -13"><span class='ocrx_word' id='word_1_325' title='bbox 435 1813 608 1845; x_wconf 88' lang='lat' dir='ltr'>numenta</span> <span class='ocrx_word' id='word_1_326' title='bbox 633 1811 784 1846; x_wconf 91' lang='lat' dir='ltr'>collecta</span> <span class='ocrx_word' id='word_1_327' title='bbox 809 1822 921 1855; x_wconf 90' lang='lat' dir='ltr'>penes</span> <span class='ocrx_word' id='word_1_328' title='bbox 945 1822 983 1846; x_wconf 91' lang='lat' dir='ltr'>se</span> <span class='ocrx_word' id='word_1_329' title='bbox 1008 1813 1180 1847; x_wconf 87' lang='lat' dir='ltr'>hahuisse</span> <span class='ocrx_word' id='word_1_330' title='bbox 1205 1814 1341 1846; x_wconf 90' lang='lat' dir='ltr'>nemini</span> <span class='ocrx_word' id='word_1_331' title='bbox 1366 1815 1612 1856; x_wconf 88' lang='lat' dir='ltr'>compertum;</span> <span class='ocrx_word' id='word_1_332' title='bbox 1650 1822 1719 1846; x_wconf 90' lang='lat' dir='ltr'>nec</span> <span class='ocrx_word' id='word_1_333' title='bbox 1743 1813 1858 1855; x_wconf 86' lang='lat' dir='ltr'>magis</span> <span class='ocrx_word' id='word_1_334' title='bbox 1889 1812 2016 1846; x_wconf 84' lang='lat' dir='ltr'>habuit</span> <span class='ocrx_word' id='word_1_335' title='bbox 2045 1813 2136 1847; x_wconf 86' lang='lat' dir='ltr'>alter</span> <span class='ocrx_word' id='word_1_336' title='bbox 2163 1848 2168 1849; x_wconf 23' lang='lat'><em>⁷</em></span> 
     </span>
     <span class='ocr_line' id='line_1_27' title="bbox 437 1869 2131 1912; baseline 0.002 -12"><span class='ocrx_word' id='word_1_337' title='bbox 437 1876 560 1901; x_wconf 90' lang='lat' dir='ltr'>comes</span> <span class='ocrx_word' id='word_1_338' title='bbox 584 1869 721 1911; x_wconf 87' lang='lat' dir='ltr'>Arpini,</span> <span class='ocrx_word' id='word_1_339' title='bbox 748 1870 856 1903; x_wconf 91' lang='lat' dir='ltr'>huius</span> <span class='ocrx_word' id='word_1_340' title='bbox 880 1869 1002 1910; x_wconf 82' lang='lat' dir='ltr'>frater,</span> <span class='ocrx_word' id='word_1_341' title='bbox 1030 1871 1117 1905; x_wconf 85' lang='lat' dir='ltr'>circ.</span> <span class='ocrx_word' id='word_1_342' title='bbox 1135 1872 1269 1904; x_wconf 76' lang='lat' dir='ltr'>a.⁴87o</span> <span class='ocrx_word' id='word_1_343' title='bbox 1296 1872 1474 1904; x_wconf 89' lang='lat' dir='ltr'>mortuus.</span> <span class='ocrx_word' id='word_1_344' title='bbox 1534 1871 1648 1903; x_wconf 91' lang='lat' dir='ltr'>Huius</span> <span class='ocrx_word' id='word_1_345' title='bbox 1673 1869 1820 1912; x_wconf 91' lang='lat' dir='ltr'>quidem</span> <span class='ocrx_word' id='word_1_346' title='bbox 1839 1870 1922 1912; x_wconf 87' lang='lat' dir='ltr'>(non</span> <span class='ocrx_word' id='word_1_347' title='bbox 1937 1869 2131 1912; x_wconf 83' lang='lat' dir='ltr'>Dominici)</span> 
     </span>
     <span class='ocr_line' id='line_1_28' title="bbox 434 1924 2132 1973; baseline 0.002 -16"><span class='ocrx_word' id='word_1_348' title='bbox 434 1924 543 1958; x_wconf 89' lang='lat' dir='ltr'>vidua</span> <span class='ocrx_word' id='word_1_349' title='bbox 573 1925 778 1966; x_wconf 89' lang='lat' dir='ltr'>(Liberottia</span> <span class='ocrx_word' id='word_1_350' title='bbox 810 1928 960 1970; x_wconf 89' lang='lat' dir='ltr'>eiusque</span> <span class='ocrx_word' id='word_1_351' title='bbox 993 1926 1149 1960; x_wconf 80' lang='lat' dir='ltr'>familiae</span> <span class='ocrx_word' id='word_1_352' title='bbox 1178 1927 1283 1961; x_wconf 90' lang='lat' dir='ltr'>heres</span> <span class='ocrx_word' id='word_1_353' title='bbox 1316 1928 1441 1968; x_wconf 88' lang='lat' dir='ltr'>unica)</span> <span class='ocrx_word' id='word_1_354' title='bbox 1478 1927 1585 1960; x_wconf 89' lang='lat' dir='ltr'>hodie</span> <span class='ocrx_word' id='word_1_355' title='bbox 1618 1936 1764 1969; x_wconf 90' lang='lat' dir='ltr'>quoque</span> <span class='ocrx_word' id='word_1_356' title='bbox 1787 1935 1955 1962; x_wconf 85' lang='lat' dir='ltr'>museum</span> <span class='ocrx_word' id='word_1_357' title='bbox 1978 1935 2132 1973; x_wconf 75' lang='lat' dir='ltr'>parvum</span> 
     </span>
     <span class='ocr_line' id='line_1_29' title="bbox 435 1982 2135 2027; baseline 0.003 -13"><span class='ocrx_word' id='word_1_358' title='bbox 435 1982 598 2024; x_wconf 89' lang='lat' dir='ltr'>possidet</span> <span class='ocrx_word' id='word_1_359' title='bbox 637 1986 975 2023; x_wconf 87' lang='lat' dir='ltr'>monumentorum,</span> <span class='ocrx_word' id='word_1_360' title='bbox 1021 1985 1086 2018; x_wconf 91' lang='lat' dir='ltr'>sed</span> <span class='ocrx_word' id='word_1_361' title='bbox 1121 1993 1164 2017; x_wconf 93' lang='lat' dir='ltr'>eo</span> <span class='ocrx_word' id='word_1_362' title='bbox 1197 1993 1269 2017; x_wconf 91' lang='lat' dir='ltr'>non</span> <span class='ocrx_word' id='word_1_363' title='bbox 1306 1985 1463 2027; x_wconf 88' lang='lat' dir='ltr'>amplius</span> <span class='ocrx_word' id='word_1_364' title='bbox 1503 1985 1577 2018; x_wconf 84' lang='lat' dir='ltr'>tres</span> <span class='ocrx_word' id='word_1_365' title='bbox 1608 1986 1822 2027; x_wconf 90' lang='lat' dir='ltr'>quattuorve</span> <span class='ocrx_word' id='word_1_366' title='bbox 1857 1983 2008 2026; x_wconf 80' lang='lat' dir='ltr'>glandes</span> <span class='ocrx_word' id='word_1_367' title='bbox 2043 1993 2135 2019; x_wconf 82' lang='lat' dir='ltr'>con-</span> 
     </span>
     <span class='ocr_line' id='line_1_30' title="bbox 434 2039 2127 2084; baseline 0.003 -14"><span class='ocrx_word' id='word_1_368' title='bbox 434 2039 605 2074; x_wconf 87' lang='lat' dir='ltr'>tinentur.</span> <span class='ocrx_word' id='word_1_369' title='bbox 632 2058 679 2064; x_wconf 86' lang='lat'><em>-</em></span> <span class='ocrx_word' id='word_1_370' title='bbox 702 2041 873 2074; x_wconf 90' lang='lat' dir='ltr'>Fabulam</span> <span class='ocrx_word' id='word_1_371' title='bbox 907 2041 1005 2073; x_wconf 90' lang='lat' dir='ltr'>illam</span> <span class='ocrx_word' id='word_1_372' title='bbox 1030 2050 1050 2073; x_wconf 87' lang='lat' dir='ltr'>a</span> <span class='ocrx_word' id='word_1_373' title='bbox 1075 2040 1324 2074; x_wconf 86' lang='lat' dir='ltr'>venditoribus</span> <span class='ocrx_word' id='word_1_374' title='bbox 1349 2041 1540 2074; x_wconf 86' lang='lat' dir='ltr'>Asculanis</span> <span class='ocrx_word' id='word_1_375' title='bbox 1574 2040 1696 2074; x_wconf 90' lang='lat' dir='ltr'>fictam</span> <span class='ocrx_word' id='word_1_376' title='bbox 1728 2049 1808 2075; x_wconf 90' lang='lat' dir='ltr'>esse</span> <span class='ocrx_word' id='word_1_377' title='bbox 1837 2040 2027 2084; x_wconf 84' lang='lat' dir='ltr'>probabile</span> <span class='ocrx_word' id='word_1_378' title='bbox 2058 2043 2127 2083; x_wconf 23' lang='lat' dir='ltr'>fest,</span> 
     </span>
     <span class='ocr_line' id='line_1_31' title="bbox 434 2096 2132 2141; baseline 0.004 -15"><span class='ocrx_word' id='word_1_379' title='bbox 434 2096 476 2127; x_wconf 88' lang='lat' dir='ltr'>ut</span> <span class='ocrx_word' id='word_1_380' title='bbox 506 2097 730 2138; x_wconf 82' lang='lat' dir='ltr'>explicarent</span> <span class='ocrx_word' id='word_1_381' title='bbox 763 2107 834 2140; x_wconf 93' lang='lat' dir='ltr'>quo</span> <span class='ocrx_word' id='word_1_382' title='bbox 867 2097 1002 2131; x_wconf 84' lang='lat' dir='ltr'>sactum</span> <span class='ocrx_word' id='word_1_383' title='bbox 1035 2100 1147 2138; x_wconf 91' lang='lat' dir='ltr'>esset,</span> <span class='ocrx_word' id='word_1_384' title='bbox 1181 2100 1221 2131; x_wconf 88' lang='lat' dir='ltr'>ut</span> <span class='ocrx_word' id='word_1_385' title='bbox 1252 2107 1362 2141; x_wconf 87' lang='lat' dir='ltr'>parvo</span> <span class='ocrx_word' id='word_1_386' title='bbox 1388 2099 1562 2141; x_wconf 91' lang='lat' dir='ltr'>temporis</span> <span class='ocrx_word' id='word_1_387' title='bbox 1587 2098 1777 2132; x_wconf 89' lang='lat' dir='ltr'>intervallo</span> <span class='ocrx_word' id='word_1_388' title='bbox 1801 2099 1923 2131; x_wconf 87' lang='lat' dir='ltr'>tantus</span> <span class='ocrx_word' id='word_1_389' title='bbox 1947 2098 2132 2140; x_wconf 82' lang='lat' dir='ltr'>glandium</span> 
     </span>
     <span class='ocr_line' id='line_1_32' title="bbox 434 2154 2135 2197; baseline 0.002 -12"><span class='ocrx_word' id='word_1_390' title='bbox 434 2154 653 2196; x_wconf 86' lang='lat' dir='ltr'>scriptarum</span> <span class='ocrx_word' id='word_1_391' title='bbox 679 2164 863 2188; x_wconf 79' lang='lat' dir='ltr'>numerus.</span> <span class='ocrx_word' id='word_1_392' title='bbox 878 2155 1093 2197; x_wconf 86' lang='lat' dir='ltr'>proveniret.</span> <span class='ocrx_word' id='word_1_393' title='bbox 1141 2155 1310 2188; x_wconf 89' lang='lat' dir='ltr'>Ceterum</span> <span class='ocrx_word' id='word_1_394' title='bbox 1335 2157 1459 2188; x_wconf 87' lang='lat' dir='ltr'>notare</span> <span class='ocrx_word' id='word_1_395' title='bbox 1484 2164 1557 2188; x_wconf 92' lang='lat' dir='ltr'>non</span> <span class='ocrx_word' id='word_1_396' title='bbox 1573 2155 1760 2188; x_wconf 88' lang='lat' dir='ltr'>omiserim</span> <span class='ocrx_word' id='word_1_397' title='bbox 1785 2155 1877 2188; x_wconf 87' lang='lat' dir='ltr'>teste</span> <span class='ocrx_word' id='word_1_398' title='bbox 1902 2154 2135 2197; x_wconf 87' lang='lat' dir='ltr'>ephemeride</span> 
     </span>
     <span class='ocr_line' id='line_1_33' title="bbox 434 2207 2134 2254; baseline 0.004 -14"><span class='ocrx_word' id='word_1_399' title='bbox 434 2208 669 2244; x_wconf 91' lang='lat' dir='ltr'>Londiniensi</span> <span class='ocrx_word' id='word_1_400' title='bbox 700 2211 873 2253; x_wconf 72' lang='lat' dir='ltr'>Academy</span> <span class='ocrx_word' id='word_1_401' title='bbox 904 2215 916 2243; x_wconf 94' lang='grc'>4</span> <span class='ocrx_word' id='word_1_402' title='bbox 948 2212 1012 2244; x_wconf 90' lang='lat' dir='ltr'>lul.</span> <span class='ocrx_word' id='word_1_403' title='bbox 1036 2214 1125 2244; x_wconf 90' lang='grc'>4876</span> <span class='ocrx_word' id='word_1_404' title='bbox 1158 2221 1192 2254; x_wconf 92' lang='lat' dir='ltr'>p.</span> <span class='ocrx_word' id='word_1_405' title='bbox 1218 2214 1237 2244; x_wconf 86' lang='grc'>9</span> <span class='ocrx_word' id='word_1_406' title='bbox 1271 2212 1421 2254; x_wconf 83' lang='lat' dir='ltr'>glandes</span> <span class='ocrx_word' id='word_1_407' title='bbox 1455 2214 1542 2245; x_wconf 76' lang='grc'><strong>4396</strong></span> <span class='ocrx_word' id='word_1_408' title='bbox 1571 2207 1606 2245; x_wconf 87' lang='lat' dir='ltr'>‘a</span> <span class='ocrx_word' id='word_1_409' title='bbox 1637 2212 1770 2245; x_wconf 87' lang='lat' dir='ltr'>comite</span> <span class='ocrx_word' id='word_1_410' title='bbox 1799 2208 1932 2254; x_wconf 81' lang='lat' dir='ltr'>Arpini’</span> <span class='ocrx_word' id='word_1_411' title='bbox 1961 2211 2134 2246; x_wconf 84' lang='lat' dir='ltr'>collectas</span> 
     </span>
     <span class='ocr_line' id='line_1_34' title="bbox 434 2259 2133 2311; baseline 0.003 -13"><span class='ocrx_word' id='word_1_412' title='bbox 434 2274 561 2300; x_wconf 89' lang='lat' dir='ltr'>museo</span> <span class='ocrx_word' id='word_1_413' title='bbox 585 2269 793 2302; x_wconf 88' lang='lat' dir='ltr'>Britannico</span> <span class='ocrx_word' id='word_1_414' title='bbox 826 2268 965 2302; x_wconf 91' lang='lat' dir='ltr'>oblatas</span> <span class='ocrx_word' id='word_1_415' title='bbox 998 2278 1094 2309; x_wconf 87' lang='lat' dir='ltr'>esse,</span> <span class='ocrx_word' id='word_1_416' title='bbox 1130 2268 1175 2302; x_wconf 84' lang='lat' dir='ltr'>cf.</span> <span class='ocrx_word' id='word_1_417' title='bbox 1196 2269 1243 2302; x_wconf 88' lang='lat' dir='ltr'>Le</span> <span class='ocrx_word' id='word_1_418' title='bbox 1273 2269 1392 2310; x_wconf 76' lang='lat' dir='ltr'>Temps</span> <span class='ocrx_word' id='word_1_419' title='bbox 1425 2271 1466 2301; x_wconf 85' lang='grc'>42</span> <span class='ocrx_word' id='word_1_420' title='bbox 1491 2270 1568 2303; x_wconf 93' lang='lat' dir='ltr'>Iun.</span> <span class='ocrx_word' id='word_1_421' title='bbox 1596 2271 1695 2301; x_wconf 86' lang='grc'><strong>4876.</strong></span> <span class='ocrx_word' id='word_1_422' title='bbox 1750 2268 1916 2302; x_wconf 91' lang='lat' dir='ltr'>Eundem</span> <span class='ocrx_word' id='word_1_423' title='bbox 1948 2259 2133 2311; x_wconf 84' lang='lat' dir='ltr'>glandium</span> 
     </span>
     <span class='ocr_line' id='line_1_35' title="bbox 435 2325 2133 2373; baseline 0.003 -18"><span class='ocrx_word' id='word_1_424' title='bbox 435 2331 628 2373; x_wconf 86' lang='lat' dir='ltr'>numerum</span> <span class='ocrx_word' id='word_1_425' title='bbox 653 2325 700 2358; x_wconf 89' lang='lat' dir='ltr'>ad</span> <span class='ocrx_word' id='word_1_426' title='bbox 723 2334 782 2359; x_wconf 91' lang='lat' dir='ltr'>me</span> <span class='ocrx_word' id='word_1_427' title='bbox 806 2327 956 2358; x_wconf 86' lang='lat' dir='ltr'>miserat</span> <span class='ocrx_word' id='word_1_428' title='bbox 981 2326 1242 2359; x_wconf 87' lang='lat' dir='ltr'>Feuardentius</span> <span class='ocrx_word' id='word_1_429' title='bbox 1271 2326 1364 2367; x_wconf 91' lang='lat' dir='ltr'>(vide</span> <span class='ocrx_word' id='word_1_430' title='bbox 1383 2327 1593 2360; x_wconf 79' lang='lat' dir='ltr'>Monatsber.</span> <span class='ocrx_word' id='word_1_431' title='bbox 1616 2327 1703 2358; x_wconf 88' lang='grc'><strong>4876</strong></span> <span class='ocrx_word' id='word_1_432' title='bbox 1729 2334 1762 2368; x_wconf 83' lang='grc' dir='ltr'>ρ,</span> <span class='ocrx_word' id='word_1_433' title='bbox 1782 2325 1852 2367; x_wconf 88' lang='grc'><strong>77);</strong></span> <span class='ocrx_word' id='word_1_434' title='bbox 1881 2334 1954 2359; x_wconf 90' lang='lat' dir='ltr'>non</span> <span class='ocrx_word' id='word_1_435' title='bbox 1978 2325 2133 2360; x_wconf 89' lang='lat' dir='ltr'>dubium</span> 
     </span>
     <span class='ocr_line' id='line_1_36' title="bbox 436 2379 2139 2426; baseline 0.004 -15"><span class='ocrx_word' id='word_1_436' title='bbox 436 2379 546 2421; x_wconf 88' lang='lat' dir='ltr'>igitur</span> <span class='ocrx_word' id='word_1_437' title='bbox 575 2382 663 2424; x_wconf 91' lang='lat' dir='ltr'>quin</span> <span class='ocrx_word' id='word_1_438' title='bbox 689 2382 836 2415; x_wconf 91' lang='lat' dir='ltr'>eaedem</span> <span class='ocrx_word' id='word_1_439' title='bbox 862 2382 944 2416; x_wconf 92' lang='lat' dir='ltr'>illae</span> <span class='ocrx_word' id='word_1_440' title='bbox 968 2382 1113 2416; x_wconf 79' lang='lat' dir='ltr'>fuerint.</span> <span class='ocrx_word' id='word_1_441' title='bbox 1163 2383 1266 2416; x_wconf 90' lang='lat' dir='ltr'>Anno</span> <span class='ocrx_word' id='word_1_442' title='bbox 1295 2385 1380 2416; x_wconf 84' lang='grc'><strong>4883</strong></span> <span class='ocrx_word' id='word_1_443' title='bbox 1409 2382 1623 2424; x_wconf 90' lang='lat' dir='ltr'>Purgoldius</span> <span class='ocrx_word' id='word_1_444' title='bbox 1656 2391 1799 2415; x_wconf 90' lang='lat' dir='ltr'>mecum</span> <span class='ocrx_word' id='word_1_445' title='bbox 1834 2384 2139 2426; x_wconf 50' lang='lat' dir='ltr'>communicavit,¹</span> 
     </span>
     <span class='ocr_line' id='line_1_37' title="bbox 436 2437 2133 2482; baseline 0.004 -14"><span class='ocrx_word' id='word_1_446' title='bbox 436 2437 582 2469; x_wconf 88' lang='lat' dir='ltr'>easdem</span> <span class='ocrx_word' id='word_1_447' title='bbox 607 2438 755 2480; x_wconf 87' lang='lat' dir='ltr'>glandes</span> <span class='ocrx_word' id='word_1_448' title='bbox 770 2439 1071 2473; x_wconf 83' lang='lat' dir='ltr'>Feuardentianas</span> <span class='ocrx_word' id='word_1_449' title='bbox 1097 2440 1284 2481; x_wconf 90' lang='lat' dir='ltr'>(omnesne</span> <span class='ocrx_word' id='word_1_450' title='bbox 1301 2448 1347 2472; x_wconf 90' lang='lat' dir='ltr'>an</span> <span class='ocrx_word' id='word_1_451' title='bbox 1372 2449 1501 2481; x_wconf 89' lang='lat' dir='ltr'>magna</span> <span class='ocrx_word' id='word_1_452' title='bbox 1525 2448 1569 2472; x_wconf 86' lang='lat' dir='ltr'>ex</span> <span class='ocrx_word' id='word_1_453' title='bbox 1593 2439 1730 2482; x_wconf 71' lang='lat' dir='ltr'>parte?)</span> <span class='ocrx_word' id='word_1_454' title='bbox 1756 2438 1802 2472; x_wconf 84' lang='lat' dir='ltr'>ab</span> <span class='ocrx_word' id='word_1_455' title='bbox 1826 2447 1952 2473; x_wconf 91' lang='lat' dir='ltr'>museo</span> <span class='ocrx_word' id='word_1_456' title='bbox 1969 2440 2133 2474; x_wconf 84' lang='lat' dir='ltr'>Aurelia-</span> 
     </span>
     <span class='ocr_line' id='line_1_38' title="bbox 435 2493 2130 2541; baseline 0.004 -16"><span class='ocrx_word' id='word_1_457' title='bbox 435 2495 539 2526; x_wconf 90' lang='lat' dir='ltr'>nensi</span> <span class='ocrx_word' id='word_1_458' title='bbox 564 2497 702 2538; x_wconf 88' lang='lat' dir='ltr'>emptas</span> <span class='ocrx_word' id='word_1_459' title='bbox 724 2504 815 2529; x_wconf 89' lang='lat' dir='ltr'>esse.</span> <span class='ocrx_word' id='word_1_460' title='bbox 859 2496 955 2529; x_wconf 89' lang='lat' dir='ltr'>Alias</span> <span class='ocrx_word' id='word_1_461' title='bbox 984 2496 1158 2530; x_wconf 85' lang='lat' dir='ltr'>tredecim</span> <span class='ocrx_word' id='word_1_462' title='bbox 1182 2506 1203 2529; x_wconf 92' lang='lat' dir='ltr'>a</span> <span class='ocrx_word' id='word_1_463' title='bbox 1227 2497 1466 2530; x_wconf 89' lang='lat' dir='ltr'>Feuardentio</span> <span class='ocrx_word' id='word_1_464' title='bbox 1491 2497 1682 2539; x_wconf 88' lang='lat' dir='ltr'>acquisivit</span> <span class='ocrx_word' id='word_1_465' title='bbox 1713 2505 1879 2530; x_wconf 89' lang='lat' dir='ltr'>museum</span> <span class='ocrx_word' id='word_1_466' title='bbox 1902 2493 2130 2541; x_wconf 55' lang='lat' dir='ltr'>{Havniensffi</span> 
     </span>
     <span class='ocr_line' id='line_1_39' title="bbox 435 2550 2129 2596; baseline 0.003 -13"><span class='ocrx_word' id='word_1_467' title='bbox 435 2550 481 2583; x_wconf 89' lang='lat' dir='ltr'>de</span> <span class='ocrx_word' id='word_1_468' title='bbox 506 2551 637 2593; x_wconf 89' lang='lat' dir='ltr'>quibus</span> <span class='ocrx_word' id='word_1_469' title='bbox 662 2552 743 2584; x_wconf 90' lang='lat' dir='ltr'>vide</span> <span class='ocrx_word' id='word_1_470' title='bbox 769 2551 860 2585; x_wconf 84' lang='lat' dir='ltr'>infra</span> <span class='ocrx_word' id='word_1_471' title='bbox 884 2555 966 2585; x_wconf 90' lang='lat' dir='ltr'>ante</span> <span class='ocrx_word' id='word_1_472' title='bbox 992 2562 1028 2586; x_wconf 89' lang='lat' dir='ltr'>n.</span> <span class='ocrx_word' id='word_1_473' title='bbox 1047 2552 1122 2585; x_wconf 85' lang='lat'>65*.</span> <span class='ocrx_word' id='word_1_474' title='bbox 1150 2571 1197 2577; x_wconf 90' lang='lat'>—</span> <span class='ocrx_word' id='word_1_475' title='bbox 1227 2553 1331 2587; x_wconf 89' lang='lat' dir='ltr'>Adde</span> <span class='ocrx_word' id='word_1_476' title='bbox 1364 2553 1460 2596; x_wconf 91' lang='lat' dir='ltr'>quod</span> <span class='ocrx_word' id='word_1_477' title='bbox 1491 2554 1728 2592; x_wconf 87' lang='lat' dir='ltr'>Garruccius‚</span> <span class='ocrx_word' id='word_1_478' title='bbox 1769 2553 1892 2587; x_wconf 66' lang='lat' dir='ltr'>civia&amp;</span> <span class='ocrx_word' id='word_1_479' title='bbox 1918 2554 2033 2588; x_wconf 82' lang='lat' dir='ltr'>cattol.</span> <span class='ocrx_word' id='word_1_480' title='bbox 2052 2554 2086 2588; x_wconf 92' lang='lat' dir='ltr'><strong>X</strong></span> <span class='ocrx_word' id='word_1_481' title='bbox 2111 2556 2129 2587; x_wconf 83' lang='grc'>4</span> 
     </span>
     <span class='ocr_line' id='line_1_40' title="bbox 439 2608 2132 2651; baseline 0.003 -12"><span class='ocrx_word' id='word_1_482' title='bbox 439 2608 549 2649; x_wconf 91' lang='grc'>(4877)</span> <span class='ocrx_word' id='word_1_483' title='bbox 579 2618 614 2651; x_wconf 90' lang='lat' dir='ltr'>p.</span> <span class='ocrx_word' id='word_1_484' title='bbox 633 2611 691 2640; x_wconf 88' lang='grc'>744</span> <span class='ocrx_word' id='word_1_485' title='bbox 724 2611 918 2642; x_wconf 89' lang='lat' dir='ltr'>memorat:</span> <span class='ocrx_word' id='word_1_486' title='bbox 961 2610 987 2642; x_wconf 81' lang='lat' dir='ltr'>il</span> <span class='ocrx_word' id='word_1_487' title='bbox 1015 2610 1162 2651; x_wconf 78' lang='lat' dir='ltr'>falsario</span> <span class='ocrx_word' id='word_1_488' title='bbox 1192 2610 1329 2644; x_wconf 79' lang='lat' dir='ltr'>invento</span> <span class='ocrx_word' id='word_1_489' title='bbox 1354 2611 1389 2643; x_wconf 87' lang='lat' dir='ltr'>la</span> <span class='ocrx_word' id='word_1_490' title='bbox 1413 2611 1596 2644; x_wconf 80' lang='lat' dir='ltr'>collezione</span> <span class='ocrx_word' id='word_1_491' title='bbox 1619 2611 1673 2644; x_wconf 88' lang='lat' dir='ltr'>del</span> <span class='ocrx_word' id='word_1_492' title='bbox 1697 2611 1856 2644; x_wconf 77' lang='lat' dir='ltr'>cardinal</span> <span class='ocrx_word' id='word_1_493' title='bbox 1881 2611 2031 2645; x_wconf 81' lang='lat' dir='ltr'>Pallotta</span> <span class='ocrx_word' id='word_1_494' title='bbox 2054 2620 2073 2645; x_wconf 83' lang='lat' dir='ltr'>e</span> <span class='ocrx_word' id='word_1_495' title='bbox 2096 2611 2132 2644; x_wconf 81' lang='lat' dir='ltr'>di</span> 
     </span>
     <span class='ocr_line' id='line_1_41' title="bbox 434 2663 1850 2710; baseline 0.003 -14"><span class='ocrx_word' id='word_1_496' title='bbox 434 2663 516 2697; x_wconf 69' lang='lat' dir='ltr'>altra·</span> <span class='ocrx_word' id='word_1_497' title='bbox 539 2667 670 2707; x_wconf 67' lang='lat' dir='ltr'>signori</span> <span class='ocrx_word' id='word_1_498' title='bbox 695 2674 712 2698; x_wconf 86' lang='lat' dir='ltr'>e</span> <span class='ocrx_word' id='word_1_499' title='bbox 736 2667 884 2707; x_wconf 65' lang='lat' dir='ltr'>signore,</span> <span class='ocrx_word' id='word_1_500' title='bbox 914 2666 959 2699; x_wconf 91' lang='lat' dir='ltr'>de</span> <span class='ocrx_word' id='word_1_501' title='bbox 983 2666 1116 2709; x_wconf 90' lang='lat' dir='ltr'>quibus</span> <span class='ocrx_word' id='word_1_502' title='bbox 1140 2667 1288 2700; x_wconf 86' lang='lat' dir='ltr'>aliunde</span> <span class='ocrx_word' id='word_1_503' title='bbox 1313 2669 1432 2700; x_wconf 89' lang='lat' dir='ltr'>tamen</span> <span class='ocrx_word' id='word_1_504' title='bbox 1458 2667 1507 2700; x_wconf 87' lang='lat' dir='ltr'>nil</span> <span class='ocrx_word' id='word_1_505' title='bbox 1535 2669 1761 2710; x_wconf 90' lang='lat' dir='ltr'>compertum</span> <span class='ocrx_word' id='word_1_506' title='bbox 1786 2669 1850 2702; x_wconf 90' lang='lat' dir='ltr'>est.</span> 
     </span>
    </p>

    <p class='ocr_par' dir='ltr' id='par_1_4' title="bbox 391 2723 2131 2823">
     <span class='ocr_line' id='line_1_42' title="bbox 391 2723 2131 2768; baseline 0.003 -15"><span class='ocrx_word' id='word_1_507' title='bbox 391 2723 522 2754; x_wconf 88' lang='grc'><strong>4-444</strong></span> <span class='ocrx_word' id='word_1_508' title='bbox 549 2732 569 2755; x_wconf 90' lang='lat' dir='ltr'>a</span> <span class='ocrx_word' id='word_1_509' title='bbox 594 2723 830 2755; x_wconf 90' lang='lat' dir='ltr'>Feuardentio</span> <span class='ocrx_word' id='word_1_510' title='bbox 863 2724 988 2766; x_wconf 89' lang='lat' dir='ltr'>accepi</span> <span class='ocrx_word' id='word_1_511' title='bbox 1018 2726 1059 2755; x_wconf 94' lang='grc'>42</span> <span class='ocrx_word' id='word_1_512' title='bbox 1078 2724 1157 2758; x_wconf 88' lang='lat' dir='ltr'>Mai.</span> <span class='ocrx_word' id='word_1_513' title='bbox 1182 2726 1270 2757; x_wconf 86' lang='grc'><strong>4875</strong></span> <span class='ocrx_word' id='word_1_514' title='bbox 1297 2733 1381 2757; x_wconf 90' lang='lat' dir='ltr'>cum</span> <span class='ocrx_word' id='word_1_515' title='bbox 1414 2725 1494 2757; x_wconf 91' lang='lat' dir='ltr'>aliis</span> <span class='ocrx_word' id='word_1_516' title='bbox 1519 2724 1673 2757; x_wconf 84' lang='lat' dir='ltr'>CLXIlll</span> <span class='ocrx_word' id='word_1_517' title='bbox 1698 2725 1899 2758; x_wconf 89' lang='lat' dir='ltr'>earundem</span> <span class='ocrx_word' id='word_1_518' title='bbox 1923 2725 2131 2768; x_wconf 89' lang='lat' dir='ltr'>inscriptio-</span> 
     </span>
     <span class='ocr_line' id='line_1_43' title="bbox 433 2780 1813 2823; baseline 0.002 -12"><span class='ocrx_word' id='word_1_519' title='bbox 433 2787 520 2812; x_wconf 91' lang='lat' dir='ltr'>num</span> <span class='ocrx_word' id='word_1_520' title='bbox 546 2780 669 2813; x_wconf 88' lang='lat' dir='ltr'>alteris</span> <span class='ocrx_word' id='word_1_521' title='bbox 693 2780 974 2823; x_wconf 83' lang='lat' dir='ltr'>exemplaribus,</span> <span class='ocrx_word' id='word_1_522' title='bbox 1002 2780 1067 2813; x_wconf 87' lang='lat' dir='ltr'>sed</span> <span class='ocrx_word' id='word_1_523' title='bbox 1091 2781 1222 2823; x_wconf 87' lang='lat' dir='ltr'>partim</span> <span class='ocrx_word' id='word_1_524' title='bbox 1247 2781 1476 2821; x_wconf 87' lang='lat' dir='ltr'>clarioribus,</span> <span class='ocrx_word' id='word_1_525' title='bbox 1504 2790 1548 2814; x_wconf 84' lang='lat' dir='ltr'>ex</span> <span class='ocrx_word' id='word_1_526' title='bbox 1571 2781 1704 2823; x_wconf 90' lang='lat' dir='ltr'>quibus</span> <span class='ocrx_word' id='word_1_527' title='bbox 1728 2781 1813 2814; x_wconf 87' lang='lat' dir='ltr'>has:</span> 
     </span>
    </p>

    <p class='ocr_par' dir='ltr' id='par_1_5' title="bbox 389 2836 1135 2880">
     <span class='ocr_line' id='line_1_44' title="bbox 389 2836 1135 2880; baseline 0.004 -13"><span class='ocrx_word' id='word_1_528' title='bbox 389 2836 450 2867; x_wconf 86' lang='grc'>444</span> <span class='ocrx_word' id='word_1_529' title='bbox 461 2837 627 2878; x_wconf 63' lang='grc' dir='ltr'><strong>α-444ῃ</strong></span> <span class='ocrx_word' id='word_1_530' title='bbox 652 2838 760 2879; x_wconf 88' lang='lat' dir='ltr'>selegi</span> <span class='ocrx_word' id='word_1_531' title='bbox 785 2837 949 2880; x_wconf 85' lang='lat' dir='ltr'>infraque</span> <span class='ocrx_word' id='word_1_532' title='bbox 974 2837 1135 2871; x_wconf 83' lang='lat' dir='ltr'>exhibui.</span> 
     </span>
    </p>

    <p class='ocr_par' dir='ltr' id='par_1_6' title="bbox 390 2893 2129 3277">
     <span class='ocr_line' id='line_1_45' title="bbox 390 2893 2129 2935; baseline 0.003 -12"><span class='ocrx_word' id='word_1_533' title='bbox 390 2893 601 2927; x_wconf 79' lang='grc' dir='ltr'><strong>445-665α</strong></span> <span class='ocrx_word' id='word_1_534' title='bbox 632 2903 653 2927; x_wconf 87' lang='lat' dir='ltr'>a</span> <span class='ocrx_word' id='word_1_535' title='bbox 681 2894 917 2928; x_wconf 82' lang='lat' dir='ltr'>Feuardentio</span> <span class='ocrx_word' id='word_1_536' title='bbox 942 2904 1085 2928; x_wconf 87' lang='lat' dir='ltr'>mecum</span> <span class='ocrx_word' id='word_1_537' title='bbox 1110 2895 1401 2928; x_wconf 89' lang='lat' dir='ltr'>communicatae</span> <span class='ocrx_word' id='word_1_538' title='bbox 1429 2898 1470 2927; x_wconf 90' lang='grc'>42</span> <span class='ocrx_word' id='word_1_539' title='bbox 1495 2895 1588 2929; x_wconf 85' lang='lat' dir='ltr'>Nov.</span> <span class='ocrx_word' id='word_1_540' title='bbox 1606 2898 1706 2928; x_wconf 87' lang='grc'><strong>4875.</strong></span> <span class='ocrx_word' id='word_1_541' title='bbox 1753 2895 1950 2929; x_wconf 88' lang='lat' dir='ltr'>Vniversae</span> <span class='ocrx_word' id='word_1_542' title='bbox 1983 2893 2129 2935; x_wconf 81' lang='lat' dir='ltr'>fuerunt</span> 
     </span>
     <span class='ocr_line' id='line_1_46' title="bbox 431 2949 2128 2997; baseline 0.002 -16"><span class='ocrx_word' id='word_1_543' title='bbox 431 2949 625 2990; x_wconf 90' lang='lat' dir='ltr'>CCLXXII,</span> <span class='ocrx_word' id='word_1_544' title='bbox 653 2952 716 2984; x_wconf 91' lang='lat' dir='ltr'>sed</span> <span class='ocrx_word' id='word_1_545' title='bbox 742 2951 974 2985; x_wconf 86' lang='lat' dir='ltr'>continebant</span> <span class='ocrx_word' id='word_1_546' title='bbox 990 2951 1122 2984; x_wconf 88' lang='lat' dir='ltr'>multas</span> <span class='ocrx_word' id='word_1_547' title='bbox 1147 2952 1401 2994; x_wconf 86' lang='lat' dir='ltr'>inscriptiones</span> <span class='ocrx_word' id='word_1_548' title='bbox 1419 2951 1629 2995; x_wconf 88' lang='lat' dir='ltr'>duplicibus</span> <span class='ocrx_word' id='word_1_549' title='bbox 1655 2952 1843 2997; x_wconf 80' lang='lat' dir='ltr'>exemplis.</span> <span class='ocrx_word' id='word_1_550' title='bbox 1893 2952 1947 2986; x_wconf 83' lang='lat' dir='ltr'>Ex</span> <span class='ocrx_word' id='word_1_551' title='bbox 1970 2951 2026 2985; x_wconf 91' lang='lat' dir='ltr'>his</span> <span class='ocrx_word' id='word_1_552' title='bbox 2042 2952 2128 2985; x_wconf 89' lang='lat' dir='ltr'>ulti-</span> 
     </span>
     <span class='ocr_line' id='line_1_47' title="bbox 431 3007 2128 3052; baseline 0.002 -14"><span class='ocrx_word' id='word_1_553' title='bbox 431 3007 502 3039; x_wconf 90' lang='lat' dir='ltr'>mis</span> <span class='ocrx_word' id='word_1_554' title='bbox 519 3016 609 3049; x_wconf 88' lang='lat' dir='ltr'>quas</span> <span class='ocrx_word' id='word_1_555' title='bbox 635 3007 726 3040; x_wconf 83' lang='lat' dir='ltr'>infra</span> <span class='ocrx_word' id='word_1_556' title='bbox 746 3009 914 3048; x_wconf 83' lang='lat' dir='ltr'>exhibui,</span> <span class='ocrx_word' id='word_1_557' title='bbox 942 3009 1100 3051; x_wconf 87' lang='lat' dir='ltr'>signatae</span> <span class='ocrx_word' id='word_1_558' title='bbox 1125 3011 1210 3041; x_wconf 91' lang='lat' dir='ltr'>sunt</span> <span class='ocrx_word' id='word_1_559' title='bbox 1233 3009 1362 3041; x_wconf 88' lang='lat' dir='ltr'>litteris</span> <span class='ocrx_word' id='word_1_560' title='bbox 1387 3018 1429 3049; x_wconf 86' lang='lat' dir='ltr'>a,</span> <span class='ocrx_word' id='word_1_561' title='bbox 1457 3009 1497 3048; x_wconf 87' lang='lat' dir='ltr'>b,</span> <span class='ocrx_word' id='word_1_562' title='bbox 1523 3018 1541 3042; x_wconf 92' lang='lat' dir='ltr'>c</span> <span class='ocrx_word' id='word_1_563' title='bbox 1565 3011 1599 3042; x_wconf 90' lang='lat' dir='ltr'>et</span> <span class='ocrx_word' id='word_1_564' title='bbox 1623 3018 1658 3051; x_wconf 83' lang='lat' dir='ltr'>q.</span> <span class='ocrx_word' id='word_1_565' title='bbox 1679 3017 1709 3041; x_wconf 89' lang='lat' dir='ltr'>s.</span> <span class='ocrx_word' id='word_1_566' title='bbox 1728 3017 1839 3052; x_wconf 87' lang='lat' dir='ltr'>supra</span> <span class='ocrx_word' id='word_1_567' title='bbox 1856 3009 1989 3043; x_wconf 88' lang='lat' dir='ltr'>additis</span> <span class='ocrx_word' id='word_1_568' title='bbox 2017 3009 2128 3050; x_wconf 89' lang='lat' dir='ltr'>(velut</span> 
     </span>
     <span class='ocr_line' id='line_1_48' title="bbox 432 3064 2128 3107; baseline 0.002 -13"><span class='ocrx_word' id='word_1_569' title='bbox 432 3064 544 3104; x_wconf 83' lang='grc' dir='ltr'><strong>445α,</strong></span> <span class='ocrx_word' id='word_1_570' title='bbox 574 3065 693 3106; x_wconf 72' lang='grc'><strong>4451)),</strong></span> <span class='ocrx_word' id='word_1_571' title='bbox 720 3065 881 3107; x_wconf 89' lang='lat' dir='ltr'>reliquae</span> <span class='ocrx_word' id='word_1_572' title='bbox 912 3065 1118 3107; x_wconf 79' lang='grc'><strong>(445-665)</strong></span> <span class='ocrx_word' id='word_1_573' title='bbox 1151 3065 1234 3098; x_wconf 89' lang='lat' dir='ltr'>illae</span> <span class='ocrx_word' id='word_1_574' title='bbox 1260 3066 1363 3106; x_wconf 85' lang='lat' dir='ltr'>sunt,</span> <span class='ocrx_word' id='word_1_575' title='bbox 1403 3074 1493 3107; x_wconf 91' lang='lat' dir='ltr'>quas</span> <span class='ocrx_word' id='word_1_576' title='bbox 1519 3065 1657 3099; x_wconf 89' lang='lat' dir='ltr'>eisdem</span> <span class='ocrx_word' id='word_1_577' title='bbox 1692 3067 1854 3099; x_wconf 89' lang='lat' dir='ltr'>numeris</span> <span class='ocrx_word' id='word_1_578' title='bbox 1889 3075 1979 3100; x_wconf 91' lang='lat' dir='ltr'>usus</span> <span class='ocrx_word' id='word_1_579' title='bbox 2015 3066 2128 3100; x_wconf 90' lang='lat' dir='ltr'>edidit</span> 
     </span>
     <span class='ocr_line' id='line_1_49' title="bbox 417 3115 2126 3164; baseline 0.002 -11"><span class='ocrx_word' id='word_1_580' title='bbox 417 3115 694 3162; x_wconf 81' lang='lat' dir='ltr'>&#39;Desjardinius.</span> <span class='ocrx_word' id='word_1_581' title='bbox 745 3123 933 3155; x_wconf 88' lang='lat' dir='ltr'>Praeterea</span> <span class='ocrx_word' id='word_1_582' title='bbox 957 3125 976 3154; x_wconf 94' lang='grc'><strong>2</strong></span> <span class='ocrx_word' id='word_1_583' title='bbox 1003 3123 1081 3157; x_wconf 83' lang='lat' dir='ltr'>Iun.</span> <span class='ocrx_word' id='word_1_584' title='bbox 1100 3124 1186 3155; x_wconf 82' lang='grc'><strong>4875</strong></span> <span class='ocrx_word' id='word_1_585' title='bbox 1213 3122 1363 3164; x_wconf 88' lang='lat' dir='ltr'>glandes</span> <span class='ocrx_word' id='word_1_586' title='bbox 1386 3123 1537 3155; x_wconf 87' lang='lat' dir='ltr'><strong>XXXVI</strong></span> <span class='ocrx_word' id='word_1_587' title='bbox 1561 3124 1597 3155; x_wconf 90' lang='lat' dir='ltr'>et</span> <span class='ocrx_word' id='word_1_588' title='bbox 1620 3122 1748 3156; x_wconf 89' lang='lat' dir='ltr'>eodem</span> <span class='ocrx_word' id='word_1_589' title='bbox 1773 3122 1835 3155; x_wconf 90' lang='lat' dir='ltr'>illo</span> <span class='ocrx_word' id='word_1_590' title='bbox 1862 3125 1903 3155; x_wconf 91' lang='grc'>42</span> <span class='ocrx_word' id='word_1_591' title='bbox 1928 3123 2020 3158; x_wconf 92' lang='lat' dir='ltr'>Nov.</span> <span class='ocrx_word' id='word_1_592' title='bbox 2038 3125 2126 3158; x_wconf 78' lang='grc'><strong>4875</strong></span> 
     </span>
     <span class='ocr_line' id='line_1_50' title="bbox 430 3177 2127 3222; baseline 0.002 -12"><span class='ocrx_word' id='word_1_593' title='bbox 430 3177 579 3219; x_wconf 89' lang='lat' dir='ltr'>glandes</span> <span class='ocrx_word' id='word_1_594' title='bbox 610 3179 705 3212; x_wconf 92' lang='lat' dir='ltr'>DXV</span> <span class='ocrx_word' id='word_1_595' title='bbox 737 3179 998 3212; x_wconf 88' lang='lat' dir='ltr'>Feuardentius</span> <span class='ocrx_word' id='word_1_596' title='bbox 1033 3179 1123 3212; x_wconf 89' lang='lat' dir='ltr'>mihi</span> <span class='ocrx_word' id='word_1_597' title='bbox 1155 3179 1267 3212; x_wconf 88' lang='lat' dir='ltr'>misit.</span> <span class='ocrx_word' id='word_1_598' title='bbox 1339 3179 1393 3213; x_wconf 83' lang='lat' dir='ltr'>Ex</span> <span class='ocrx_word' id='word_1_599' title='bbox 1428 3179 1473 3212; x_wconf 91' lang='lat' dir='ltr'>iis</span> <span class='ocrx_word' id='word_1_600' title='bbox 1507 3179 1625 3222; x_wconf 88' lang='lat' dir='ltr'>&lt;plane</span> <span class='ocrx_word' id='word_1_601' title='bbox 1660 3179 1758 3212; x_wconf 90' lang='lat' dir='ltr'>enim</span> <span class='ocrx_word' id='word_1_602' title='bbox 1791 3179 1963 3222; x_wconf 88' lang='lat' dir='ltr'>gemellae</span> <span class='ocrx_word' id='word_1_603' title='bbox 1998 3180 2127 3214; x_wconf 87' lang='lat' dir='ltr'>ceteris</span> 
     </span>
     <span class='ocr_line' id='line_1_51' title="bbox 428 3235 1362 3277; baseline 0.003 -11"><span class='ocrx_word' id='word_1_604' title='bbox 428 3235 541 3277; x_wconf 87' lang='lat' dir='ltr'>erant)</span> <span class='ocrx_word' id='word_1_605' title='bbox 571 3236 686 3269; x_wconf 91' lang='lat' dir='ltr'>solam</span> <span class='ocrx_word' id='word_1_606' title='bbox 711 3236 804 3269; x_wconf 91' lang='lat' dir='ltr'>hanc</span> <span class='ocrx_word' id='word_1_607' title='bbox 830 3238 926 3269; x_wconf 85' lang='grc' dir='ltr'><strong>484α</strong></span> <span class='ocrx_word' id='word_1_608' title='bbox 950 3235 1041 3269; x_wconf 84' lang='lat' dir='ltr'>infra</span> <span class='ocrx_word' id='word_1_609' title='bbox 1066 3237 1362 3270; x_wconf 89' lang='lat' dir='ltr'>commemoravi.</span> 
     </span>
    </p>
   </div>
   <div class='ocr_carea' id='block_1_3' title="bbox 2151 0 2242 1566">
    <p class='ocr_par' dir='ltr' id='par_1_7' title="bbox 2151 0 2242 1566">
     <span class='ocr_line' id='line_1_52' title="bbox 2151 0 2242 1566; baseline 0 0"><span class='ocrx_word' id='word_1_610' title='bbox 2151 0 2242 1566; x_wconf 95' lang='lat' dir='ltr'> </span> 
     </span>
    </p>
   </div>
   <div class='ocr_carea' id='block_1_4' title="bbox 2198 1578 2242 1997">
    <p class='ocr_par' dir='ltr' id='par_1_8' title="bbox 2198 1578 2242 1997">
     <span class='ocr_line' id='line_1_53' title="bbox 2198 1578 2242 1997; textangle 90"><span class='ocrx_word' id='word_1_611' title='bbox 2198 1578 2242 1997; x_wconf 37' lang='grc' dir='ltr'>ἐῳετῳιωψωκπψω</span> 
     </span>
    </p>
   </div>
   <div class='ocr_carea' id='block_1_5' title="bbox 2200 1991 2242 2208">
    <p class='ocr_par' dir='ltr' id='par_1_9' title="bbox 2200 1991 2242 2208">
     <span class='ocr_line' id='line_1_54' title="bbox 2200 1991 2207 2181; textangle 90"><span class='ocrx_word' id='word_1_612' title='bbox 2203 2174 2207 2181; x_wconf 68' lang='lat'><em>„</em></span> <span class='ocrx_word' id='word_1_613' title='bbox 2200 1991 2207 2010; x_wconf 56' lang='lat'>„.</span> 
     </span>
     <span class='ocr_line' id='line_1_55' title="bbox 2213 2033 2242 2208; textangle 90"><span class='ocrx_word' id='word_1_614' title='bbox 2213 2033 2242 2208; x_wconf 55' lang='grc' dir='ltr'>.ὲεΞ*.ε*-ἑ,-;</span> 
     </span>
    </p>
   </div>
   <div class='ocr_carea' id='block_1_6' title="bbox 2193 2444 2242 3776">
    <p class='ocr_par' dir='ltr' id='par_1_10' title="bbox 2193 2444 2242 3776">
     <span class='ocr_line' id='line_1_56' title="bbox 2193 2444 2242 3776; baseline 0 0"><span class='ocrx_word' id='word_1_615' title='bbox 2193 2444 2242 3776; x_wconf 95' lang='lat' dir='ltr'> </span> 
     </span>
    </p>
   </div>
   <div class='ocr_carea' id='block_1_7' title="bbox 2214 2304 2242 2508">
    <p class='ocr_par' dir='ltr' id='par_1_11' title="bbox 2214 2304 2242 2508">
     <span class='ocr_line' id='line_1_57' title="bbox 2214 2304 2242 2508; textangle 90"><span class='ocrx_word' id='word_1_616' title='bbox 2214 2504 2218 2508; x_wconf 93' lang='grc'>.</span> <span class='ocrx_word' id='word_1_617' title='bbox 2219 2363 2242 2447; x_wconf 32' lang='grc' dir='ltr'>μὲν,</span> <span class='ocrx_word' id='word_1_618' title='bbox 2219 2348 2221 2350; x_wconf 76' lang='grc'><em>,</em></span> <span class='ocrx_word' id='word_1_619' title='bbox 2214 2304 2224 2334; x_wconf 24' lang='grc' dir='ltr'><strong>ἢ</strong></span> 
     </span>
    </p>
   </div>
   <div class='ocr_carea' id='block_1_8' title="bbox 337 3300 1806 3531">
    <p class='ocr_par' dir='ltr' id='par_1_12' title="bbox 337 3300 1806 3531">
     <span class='ocr_line' id='line_1_58' title="bbox 431 3300 1680 3335; baseline 0.002 -8"><span class='ocrx_word' id='word_1_620' title='bbox 431 3300 517 3335; x_wconf 86' lang='lat' dir='ltr'>Corp.</span> <span class='ocrx_word' id='word_1_621' title='bbox 530 3302 572 3328; x_wconf 89' lang='lat' dir='ltr'>IX</span> <span class='ocrx_word' id='word_1_622' title='bbox 654 3303 749 3330; x_wconf 87' lang='lat' dir='ltr'>Index</span> <span class='ocrx_word' id='word_1_623' title='bbox 1361 3302 1450 3335; x_wconf 89' lang='lat' dir='ltr'>Corp.</span> <span class='ocrx_word' id='word_1_624' title='bbox 1583 3303 1680 3330; x_wconf 85' lang='lat' dir='ltr'>Index</span> 
     </span>
     <span class='ocr_line' id='line_1_59' title="bbox 337 3302 1629 3417; baseline 0.002 -38"><span class='ocrx_word' id='word_1_625' title='bbox 337 3344 404 3380; x_wconf 78' lang='lat'>64*</span> <span class='ocrx_word' id='word_1_626' title='bbox 429 3347 519 3381; x_wconf 76' lang='lat'>727*</span> <span class='ocrx_word' id='word_1_627' title='bbox 546 3352 559 3381; x_wconf 97' lang='grc'>4</span> <span class='ocrx_word' id='word_1_628' title='bbox 624 3351 652 3383; x_wconf 88' lang='lat' dir='ltr'>R</span> <span class='ocrx_word' id='word_1_629' title='bbox 669 3353 686 3382; x_wconf 73' lang='lat'>¹0</span> <span class='ocrx_word' id='word_1_630' title='bbox 1229 3302 1234 3417; x_wconf 42' lang='grc' dir='ltr'>ι</span> <span class='ocrx_word' id='word_1_631' title='bbox 1265 3347 1335 3383; x_wconf 71' lang='grc'>64*</span> <span class='ocrx_word' id='word_1_632' title='bbox 1361 3348 1450 3382; x_wconf 77' lang='lat'><em>727*</em></span> <span class='ocrx_word' id='word_1_633' title='bbox 1474 3353 1492 3383; x_wconf 86' lang='lat'><strong>5</strong></span> <span class='ocrx_word' id='word_1_634' title='bbox 1554 3352 1569 3383; x_wconf 92' lang='grc' dir='ltr'>Ι</span> <span class='ocrx_word' id='word_1_635' title='bbox 1589 3353 1629 3382; x_wconf 81' lang='grc'>42</span> 
     </span>
     <span class='ocr_line' id='line_1_60' title="bbox 545 3351 1806 3519; baseline 0.002 -93"><span class='ocrx_word' id='word_1_636' title='bbox 545 3397 564 3426; x_wconf 88' lang='grc'><strong>2</strong></span> <span class='ocrx_word' id='word_1_637' title='bbox 594 3351 650 3519; x_wconf 62' lang='lat' dir='ltr'>{R</span> <span class='ocrx_word' id='word_1_638' title='bbox 669 3397 685 3427; x_wconf 90' lang='grc'>4</span> <span class='ocrx_word' id='word_1_639' title='bbox 706 3399 748 3436; x_wconf 57' lang='grc'><strong>-4-</strong></span> <span class='ocrx_word' id='word_1_640' title='bbox 765 3397 791 3429; x_wconf 87' lang='grc' dir='ltr'><strong>Τ</strong></span> <span class='ocrx_word' id='word_1_641' title='bbox 810 3398 827 3428; x_wconf 92' lang='grc'><strong>4</strong></span> <span class='ocrx_word' id='word_1_642' title='bbox 857 3396 1063 3439; x_wconf 90' lang='lat' dir='ltr'>(utrumque</span> <span class='ocrx_word' id='word_1_643' title='bbox 1079 3395 1146 3437; x_wconf 92' lang='lat' dir='ltr'>bis)</span> <span class='ocrx_word' id='word_1_644' title='bbox 1476 3399 1494 3428; x_wconf 86' lang='lat'>6</span> <span class='ocrx_word' id='word_1_645' title='bbox 1555 3396 1579 3428; x_wconf 94' lang='lat' dir='ltr'>L</span> <span class='ocrx_word' id='word_1_646' title='bbox 1598 3399 1639 3428; x_wconf 89' lang='grc'>20</span> <span class='ocrx_word' id='word_1_647' title='bbox 1659 3398 1702 3437; x_wconf 75' lang='grc' dir='ltr'>-Ι-</span> <span class='ocrx_word' id='word_1_648' title='bbox 1719 3396 1747 3428; x_wconf 91' lang='grc' dir='ltr'><strong>Α</strong></span> <span class='ocrx_word' id='word_1_649' title='bbox 1766 3397 1806 3428; x_wconf 88' lang='grc'><strong>40</strong></span> 
     </span>
     <span class='ocr_line' id='line_1_61' title="bbox 545 3442 1639 3482; baseline 0 -9"><span class='ocrx_word' id='word_1_650' title='bbox 545 3443 562 3472; x_wconf 85' lang='grc'>3</span> <span class='ocrx_word' id='word_1_651' title='bbox 626 3442 652 3474; x_wconf 83' lang='lat' dir='ltr'>R</span> <span class='ocrx_word' id='word_1_652' title='bbox 672 3443 688 3473; x_wconf 76' lang='lat'>4</span> <span class='ocrx_word' id='word_1_653' title='bbox 708 3445 751 3482; x_wconf 54' lang='grc' dir='ltr'>ἣ-</span> <span class='ocrx_word' id='word_1_654' title='bbox 769 3442 792 3474; x_wconf 88' lang='lat' dir='ltr'>F</span> <span class='ocrx_word' id='word_1_655' title='bbox 813 3445 852 3474; x_wconf 83' lang='grc'>43</span> <span class='ocrx_word' id='word_1_656' title='bbox 1476 3445 1493 3474; x_wconf 96' lang='grc'><strong>7</strong></span> <span class='ocrx_word' id='word_1_657' title='bbox 1555 3442 1580 3473; x_wconf 91' lang='lat' dir='ltr'>L</span> <span class='ocrx_word' id='word_1_658' title='bbox 1598 3444 1639 3473; x_wconf 81' lang='lat'>20</span> 
     </span>
     <span class='ocr_line' id='line_1_62' title="bbox 546 3420 1639 3531; baseline 0 -13"><span class='ocrx_word' id='word_1_659' title='bbox 546 3488 563 3518; x_wconf 74' lang='lat'>4</span> <span class='ocrx_word' id='word_1_660' title='bbox 625 3487 649 3518; x_wconf 82' lang='lat' dir='ltr'>R</span> <span class='ocrx_word' id='word_1_661' title='bbox 669 3489 686 3518; x_wconf 76' lang='lat'>4</span> <span class='ocrx_word' id='word_1_662' title='bbox 708 3487 746 3529; x_wconf 60' lang='lat'>4-</span> <span class='ocrx_word' id='word_1_663' title='bbox 766 3489 790 3520; x_wconf 94' lang='lat' dir='ltr'>F</span> <span class='ocrx_word' id='word_1_664' title='bbox 810 3491 849 3520; x_wconf 81' lang='grc'>43</span> <span class='ocrx_word' id='word_1_665' title='bbox 1229 3420 1234 3531; x_wconf 74' lang='grc' dir='ltr'>Ι</span> <span class='ocrx_word' id='word_1_666' title='bbox 1476 3491 1493 3519; x_wconf 91' lang='grc'><strong>8</strong></span> <span class='ocrx_word' id='word_1_667' title='bbox 1556 3488 1579 3519; x_wconf 86' lang='lat' dir='ltr'>L</span> <span class='ocrx_word' id='word_1_668' title='bbox 1599 3490 1639 3519; x_wconf 79' lang='lat'>20</span> 
     </span>
    </p>
   </div>
  </div>
 </body>
</html>
