2210 3788
367 330 450 360 XIV
1122 322 1386 355 PRAEFATIO.

362 436 608 477 foraminum
649 438 762 488 origo
801 449 906 476 esse.
970 436 1070 475 Nam
1102 435 1301 475 Vittorius
1341 435 1679 487 archipresbyter
1708 434 2026 486 Mugnanensis,
2068 433 2141 485 qui

361 506 536 545 Nisseno
568 505 755 555 mihique
787 517 822 543 a.
862 504 967 542 4864
1001 502 1204 543 eiusmodi
1236 502 1408 554 glandes
1438 503 1706 552 monstravit,
1742 503 1918 542 rusticos
1948 502 2039 541 eius
2071 513 2140 540 re-

362 574 495 624 gionis
526 571 709 611 narravit
740 571 912 623 glandes
947 584 1023 623 pro
1056 571 1250 610 amuletis
1280 577 1444 623 portare
1477 576 1518 610 et
1549 569 1599 609 ad
1631 571 1706 609 hoc
1738 569 1952 622 perforare
1984 569 2136 608 solere.

359 639 479 680 Adde
511 652 616 691 quae
648 639 769 679 attuli
800 652 842 691 p.
867 640 959 678 XXI
991 645 1031 678 et
1060 651 1102 690 p.
1127 639 1250 678 XXII.

478 709 515 747 4.
560 709 695 759 Longe
736 708 959 759 plerasque
1000 706 1175 759 glandes
1217 719 1239 746 a
1279 705 1496 746 veteribus
1539 718 1620 745 non
1661 705 1789 745 fuisse
1828 705 2050 757 inscriptas
2088 704 2140 744 de

362 765 522 815 Picenis
553 774 724 827 quidem
756 781 868 815 certo
900 781 1157 827 compertum
1190 780 1252 814 est
1283 773 1574 814 effossionibus
1605 772 1756 813 nostris
1784 772 1848 825 (cf.
1875 787 1919 825 p.
1945 774 1969 812 5
1992 771 2138 826 extr.).

362 843 474 882 ldem
507 842 558 882 de
601 843 776 895 reliquis
815 842 986 882 fortasse
1028 848 1140 882 recte
1171 842 1389 893 statuitur,
1433 841 1508 880 sed
1538 854 1605 881 res
1637 842 1794 880 incerta
1825 846 1890 880 est
1920 846 2142 893 propterea

363 910 475 963 quod
515 911 602 950 sere
644 923 725 950 non
766 916 1053 950 memorantur
1093 910 1398 961 colligunturve
1429 909 1508 948 nisi
1540 922 1639 958 eae,
1692 921 1799 960 quae
1831 908 2141 960 inscriptionem

360 980 429 1018 vel
463 979 686 1031 imaginem
717 979 933 1018 exhibent.
996 977 1097 1018 Inde
1129 978 1240 1017 enim
1273 976 1428 1017 factum
1459 989 1550 1016 esse
1580 982 1731 1029 potest,
1767 975 1880 1028 quod
1912 978 1955 1015 in
1987 977 2143 1016 museis

362 1047 646 1099 anepigrapha
687 1047 879 1099 exempla
921 1059 1000 1085 non
1043 1058 1174 1098 pauca
1220 1044 1394 1097 quidem
1434 1058 1486 1084 ex
1515 1045 1608 1084 aliis
1639 1045 1860 1084 territoriis
1905 1043 1986 1098 (ex.
2022 1056 2085 1096 gr.
2119 1057 2142 1084 e

363 1115 581 1166 Perusino,
617 1115 883 1166 maximeque
915 1127 968 1154 ex
999 1113 1179 1166 Graecis)
1217 1113 1503 1165 provenientia
1537 1119 1823 1164 asservantur,
1868 1111 1943 1152 sed
1982 1111 2142 1151 minore

363 1182 451 1222 fere
466 1181 492 1235 1)
529 1195 704 1222 numero
735 1195 859 1234 quam
891 1183 1106 1234 inscripta.
1131 1204 1189 1209 —
1208 1182 1506 1234 Inscriptarum
1539 1180 1755 1233 glandium
1783 1179 2059 1233 (paucissimis
2089 1178 2143 1220 de

367 1250 522 1301 quibus
555 1249 665 1290 infra
696 1249 862 1290 dicetur
883 1250 1079 1302 exceptis)
1112 1250 1298 1289 omnium
1329 1250 1493 1289 litterae
1525 1255 1740 1290 exstantes
1761 1255 1874 1300 sunt,
1909 1249 1965 1288 ita
1996 1247 2142 1300 factae,

360 1324 405 1357 ut
436 1317 479 1356 in
521 1317 675 1357 formae
722 1318 871 1370 argilla
908 1317 1050 1358 umida
1092 1318 1265 1370 graphio
1305 1317 1439 1357 aliave
1479 1317 1655 1370 cuspide
1685 1317 1997 1368 inciderentur,
2045 1315 2144 1356 fun—

359 1384 520 1424 dendae
552 1385 704 1426 deinde
745 1387 870 1426 simul
900 1399 993 1426 cum
1025 1385 1175 1438 glande
1213 1386 1317 1438 ipsa.
1380 1385 1579 1437 Exceptis
1618 1391 1815 1437 quattuor
1844 1385 1912 1425 vel
1951 1385 2142 1437 quinque

361 1465 468 1504 quae
500 1454 787 1494 sinistrorsum
819 1453 997 1506 legenda
1036 1461 1156 1506 sunt,
1205 1453 1517 1506 exemplaribus
1549 1454 1636 1496 his:
1677 1467 1719 1492 n.
1746 1452 1786 1493 7.
1822 1452 1905 1494 32⁶?
1936 1452 2005 1492 50.
2043 1453 2138 1492 443.

362 1522 470 1571 444,
523 1522 685 1562 litterae
726 1524 768 1562 in
814 1523 942 1562 forma
990 1523 1180 1563 inversae
1227 1523 1449 1574 inscriptae
1495 1521 1687 1573 fuerunt,
1742 1523 1799 1561 ita
1842 1527 1889 1562 ut
1934 1521 1974 1560 in
2022 1521 2144 1574 glan-

359 1588 485 1629 dibus
516 1590 618 1642 ipsis
660 1590 906 1631 dextrorsus
948 1590 1146 1643 procedat
1187 1591 1410 1643 scriptura.
1484 1589 1567 1630 Sed
1605 1590 1672 1629 hic
1712 1590 1798 1629 illic
1841 1602 1917 1642 per
1957 1602 2142 1630 errorem

358 1656 545 1697 funditor
576 1658 737 1698 litteras
767 1659 953 1711 singulas
985 1659 1189 1699 contrario
1220 1659 1340 1699 modo
1363 1659 1570 1698 exaravit:
1607 1672 1632 1697 v
1664 1672 1705 1698 n.
1735 1657 1802 1710 47,
1836 1670 1857 1697 a
1887 1670 1931 1697 n.
1957 1658 2009 1696 84
2033 1671 2073 1698 v.
2099 1671 2138 1708 3,

359 1725 532 1766 fortasse
564 1740 597 1766 w
636 1740 677 1765 n.
713 1727 781 1765 54.
816 1740 845 1766 1.
888 1751 945 1756 —
984 1728 1029 1766 In
1074 1727 1285 1767 nonnullis
1322 1726 1376 1780 (n.
1415 1727 1495 1766 40⁶?
1535 1726 1604 1767 53.
1642 1726 1825 1766 55—-60,
1862 1727 1927 1765 69.
1964 1727 2033 1765 80.
2069 1726 2137 1766 82.

359 1793 428 1832 85.
455 1793 521 1846 92)
548 1806 698 1834 versus
728 1795 839 1834 terni
862 1795 1110 1847 quaternive
1143 1795 1198 1834 ita
1230 1796 1388 1835 exarati
1421 1801 1532 1846 sunt,
1568 1801 1615 1835 ut
1645 1789 1941 1850 βουστροφηδὸν
1971 1792 2141 1846 legendi

359 1863 456 1902 sint.
507 1863 608 1901 Bina
638 1863 769 1902 latera
801 1863 999 1915 inscripta
1030 1868 1128 1902 sunt
1157 1863 1328 1903 harum:
1365 1876 1407 1903 n.
1436 1864 1474 1903 4.
1500 1864 1540 1904 2.
1567 1863 1632 1903 2α.
1658 1864 1722 1904 2b.
1747 1864 1787 1903 3.
1814 1864 1879 1903 3a.
1907 1864 1948 1902 9.
1975 1863 2043 1908 44.
2070 1863 2137 1902 46.

360 1931 430 1970 25.
466 1931 533 1971 29.
572 1930 754 1970 49-52,
791 1931 859 1970 56.
895 1930 963 1970 57.
1000 1931 1068 1970 59.
1106 1932 1174 1970 64.
1211 1932 1277 1971 63.
1315 1932 1496 1972 66—68.
1533 1931 1716 1972 70—80.
1752 1932 1815 1971 94.
1850 1931 1919 1971 93.
1945 1930 2013 1971 95.
2042 1931 2136 1970 408.

362 2000 457 2038 442.
497 1999 591 2039 443.
630 1999 724 2039 447.
763 2000 866 2049 42ος
914 1999 1025 2039 idem
1058 1998 1211 2039 factum
1243 2001 1380 2055 estin
1413 2000 1498 2050 his,
1551 2013 1729 2052 quarum
1765 2006 1906 2040 tamen
1936 1999 2068 2040 latera
2098 1999 2142 2038 in

358 2074 500 2107 ternas
523 2068 719 2119 pluresve
751 2080 872 2108 areas
894 2074 993 2108 sunt
1014 2067 1203 2107 divisae:
1238 2081 1280 2107 n.
1309 2068 1376 2107 40.
1402 2069 1471 2109 22.
1497 2069 1566 2108 23.
1592 2068 1662 2108 53.
1688 2068 1758 2108 56.
1783 2068 1853 2107 58.
1880 2068 1947 2108 60.
1975 2068 2043 2112 62.
2070 2068 2137 2107 69.

359 2136 427 2176 82.
464 2136 531 2176 92.
569 2137 635 2176 94.
665 2135 734 2176 97.
761 2138 829 2175 99.
857 2137 951 2175 448.
982 2159 1030 2164 -
1057 2136 1404 2177 Paucissimarum
1436 2137 1758 2189 inscriptionum
1789 2140 2013 2176 excavatae
2043 2140 2143 2175 sunt

358 2204 540 2255 litterae,
562 2217 666 2256 quas
687 2205 729 2243 in
752 2204 842 2245 fusa
864 2205 946 2244 iam
968 2204 1118 2257 glande
1142 2205 1398 2257 scariphatas
1420 2217 1512 2244 esse
1530 2210 1726 2257 apparet:
1752 2217 1796 2244 n.
1816 2205 1868 2244 20
1899 2203 1948 2257 (si
1969 2203 2144 2255 antiqua

359 2272 450 2325 est),
487 2273 554 2312 64.
594 2273 688 2322 409.
728 2273 823 2312 440.
854 2274 932 2313 428
961 2272 1115 2326 (Add.),
1151 2272 1424 2325 eiusdemque
1456 2273 1625 2325 generis
1656 2274 1708 2312 65
1739 2272 1910 2313 videtur
1940 2271 2137 2324 fuisse2);

359 2340 523 2391 glandis
553 2341 703 2381 unicae
734 2354 777 2380 n.
803 2342 855 2380 88
888 2342 1104 2394 inscriptio
1136 2348 1208 2382 aut
1238 2342 1370 2382 incisa
1399 2347 1471 2382 aut
1501 2336 1624 2383 caelo*
1644 2341 1816 2381 fortasse
1847 2341 1966 2380 tenui
1997 2340 2142 2379 incusa

360 2414 438 2448 est.
492 2410 834 2461 Scariphatarum
866 2410 1074 2462 scriptura
1105 2410 1282 2462 cursiva,
1320 2416 1557 2450 ceterarum
1579 2409 1783 2462 quadrata
1814 2414 1899 2460 est;
1936 2407 2142 2460 quaedam

360 2475 546 2516 medium
578 2477 688 2516 inter
727 2484 951 2529 utramque
992 2477 1167 2518 formam
1207 2479 1343 2518 locum
1376 2484 1522 2518 tenent
1556 2478 1705 2518 litteris
1743 2476 2035 2530 gracilioribus
2066 2489 2143 2516 ex-

358 2549 522 2596 aratae,
567 2557 673 2596 quae
713 2558 844 2598 prope
886 2546 1091 2586 accedunt
1130 2546 1183 2586 ad
1223 2546 1356 2599 pictas
1386 2547 1453 2587 vel
1484 2547 1638 2586 calamo
1678 2547 1855 2598 scriptas
1886 2545 1954 2585 vel
1984 2543 2142 2584 tabulis

359 2612 530 2652 aheneis
561 2612 713 2653 incisas
746 2614 825 2666 (ex.
862 2627 924 2666 gr.
959 2627 1000 2654 n.
1030 2615 1095 2653 45.
1135 2615 1185 2653 48
1218 2621 1259 2655 et
1290 2615 1472 2666 quadam
1503 2621 1626 2655 tenus
1661 2615 1727 2654 40.
1756 2612 1842 2668 44).

476 2681 711 2732 Numquam
759 2688 899 2722 autem
942 2683 1264 2735 inscriptiones,
1301 2690 1510 2735 quatenus
1548 2684 1782 2729 litterarum
1825 2680 2143 2733 eminentium3)

361 2753 474 2799 sunt,
509 2748 860 2803 incudendo4)
898 2757 997 2791 sunt
1027 2751 1182 2802 factae;
1218 2764 1315 2791 nam
1337 2752 1473 2792 omnia
1504 2751 1548 2791 id
1575 2764 1709 2804 genus
1730 2750 2000 2803 exemplaria,
2035 2762 2143 2802 quae

361 2884 516 2926 lapidem
545 2885 762 2918 Heliodorus
787 2886 889 2919 Aeth.
918 2887 979 2927 IX,
1001 2890 1039 2926 53
1069 2887 1201 2920 indicia
1226 2896 1318 2929 quae
1351 2897 1393 2920 ex
1425 2888 1558 2930 oppido
1592 2888 1741 2929 Attegua
1774 2896 1795 2919 a
1819 2885 2068 2929 proditoribus
2097 2885 2144 2918 ad

363 2941 552 2974 Caesarem
583 2942 829 2982 mittebantur,
866 2944 1037 2986 inscripta
1062 2945 1165 2976 erant
1189 2944 1380 2985 glandibus
1405 2945 1509 2987 ipsis;
1538 2944 1581 2978 cf.
1610 2954 1644 2987 p.
1669 2946 1711 2976 48
1737 2945 1820 2977 ante
1843 2952 1879 2975 n.
1908 2945 1963 2975 ⁴9.

452 2998 481 3039 4)
507 2999 544 3030 In
571 3008 695 3032 museo
722 3001 973 3033 Panormitano
999 3000 1132 3033 multae
1158 3002 1391 3043 inscriptione
1424 3004 1589 3035 carentes
1614 3002 1872 3039 adservantur;
1916 2999 1961 3033 cf.
1987 2999 2138 3038 Salinas,

359 3063 475 3087 museo
499 3057 533 3088 di
558 3056 633 3089 Pal.
661 3059 746 3088 4873
772 3067 807 3099 p.
830 3059 884 3089 47.

452 3112 484 3152 2)
518 3112 644 3154 Spuria
676 3115 729 3146 est
755 3123 790 3147 n.
820 3116 861 3144 62
872 3113 926 3146 a*.
976 3115 1169 3157 suspectae
1202 3117 1283 3147 sunt
1326 3124 1361 3147 n.
1389 3118 1433 3147 26
1460 3116 1533 3147 not.
1560 3116 1596 3146 et
1620 3113 1684 3146 87*
1701 3117 1739 3154 5;
1767 3115 1812 3147 de
1836 3114 1892 3147 his
1916 3114 2072 3155 itemque
2096 3113 2141 3145 de

360 3177 394 3199 n.
410 3170 440 3207 6,
456 3170 496 3200 49
515 3171 588 3202 not.
609 3170 848 3203 differendum
867 3171 1110 3204 est·iudicium
1122 3196 1130 3210 ‚
1150 3172 1266 3204 donec
1284 3172 1402 3204 denuo
1421 3173 1642 3208 examinatae
1659 3171 1802 3205 fuerint.
1842 3172 1880 3203 In
1899 3171 2006 3202 unius
2023 3178 2059 3202 n.
2077 3171 2140 3201 ⁴27

360 3224 473 3266 (Add.)
502 3227 612 3259 latere
636 3227 749 3260 altero
774 3228 913 3261 litterae
930 3230 1014 3261 sunt
1038 3231 1242 3268 excavatae,
1270 3229 1333 3262 sed
1360 3229 1466 3262 simul
1492 3239 1575 3262 cum
1601 3230 1741 3271 glandis
1764 3228 1905 3261 fusione
1928 3226 2054 3260 factae.

450 3283 483 3322 3)
523 3284 637 3317 Vnica
671 3286 856 3327 inscriptio
897 3295 933 3318 n.
962 3288 1024 3326 88,
1064 3287 1166 3318 cuius
1204 3287 1342 3319 litterae
1378 3289 1570 3320 excavatae
1606 3288 1706 3326 sunt,
1745 3285 1952 3319 incudendo
1989 3283 2140 3316 fortasse

358 3342 448 3374 facta
473 3343 538 3380 est,
566 3342 630 3374 sed
656 3351 726 3373 non
752 3343 786 3374 in
812 3342 924 3375 forma
950 3344 990 3375 ut
1013 3343 1245 3376 adulteratae.

453 3397 483 3437 4)
521 3397 680 3431 Ruhbius
705 3400 893 3433 dizionario
919 3401 997 3433 V111
1027 3401 1138 3442 (4796)
1168 3410 1201 3443 p.
1224 3403 1286 3432 470
1321 3402 1458 3434 litteras
1491 3402 1633 3434 Siculae
1667 3401 1855 3434 cuiusdam
1880 3401 2021 3443 glandis
2048 3399 2141 3446 (νίκη

358 3449 586 3498 Ἀθηνίωνος)
611 3450 771 3496 ‘scalpite'
799 3459 831 3489 et
849 3458 899 3490 De
916 3458 1056 3490 Minicis
1079 3458 1149 3499 (qui
1175 3459 1321 3490 omnino
1347 3457 1391 3490 de
1409 3457 1602 3499 glandibus
1619 3457 1836 3491 fabricandis
1859 3459 1951 3491 mira
1974 3458 2139 3501 protulit;
