2210 3788
143 371 212 412 44.

142 715 210 756 45.

139 783 236 826 toa.

135 853 156 894 4
166 853 207 894 6.

139 1195 206 1239 47.

874 254 1141 290 PRAEFATIO.
1774 266 1899 297 XXIII

245 371 559 412 Praeneste.
622 369 742 409 Anno
778 369 879 408 4864
918 381 1049 422 prope
1081 371 1304 412 Praeneste
1336 383 1425 424 rep.
1467 384 1547 412 non
1579 373 1621 412 in
1650 386 1708 412 un
1737 374 1915 427 sepulcro

242 438 308 482 del
336 438 452 480 solito
483 438 563 491 tipo
589 438 839 491 prenestino,
876 449 945 477 ma
975 439 1019 478 in
1048 450 1106 478 un
1137 440 1289 481 tumulo
1320 445 1510 482 costrutto
1532 441 1576 481 di
1606 442 1704 494 tuffo
1731 440 1786 495 (p.
1810 442 1905 496 488)

251 505 470 561 glandium
502 506 778 560 inscriptione
809 507 1045 546 carentium
1075 519 1255 560 magnus
1285 521 1508 560 numerus,
1545 523 1629 550 una
1661 524 1757 551 cum
1788 514 1920 552 scutis

242 576 380 617 tribus
400 575 589 627 aheneis,
625 575 824 628 speculis,
861 574 1042 627 aliisque
1063 574 1193 616 rebus
1214 577 1419 618 Etruscis.
1472 579 1701 619 Rmmxnvs
1733 580 1919 622 Scnomw.

241 642 399 686 Annali
426 643 518 685 dell’
549 645 650 685 Inst.
690 644 799 683 4866
831 657 874 696 p.
905 643 1000 683 489.

243 714 455 756 Cumae.
518 711 624 754 Vide
656 725 697 752 n.
738 711 818 752 407
852 724 917 764 sq.

270 783 554 836 Neapolis.
618 781 723 822 Vide
756 794 800 822 n.
829 781 925 834 444,
952 795 984 821 4.

242 851 656 893 Herculaneum.
731 850 778 890 In
826 855 934 891 terre
980 851 1022 890 in
1073 849 1283 891 direzione
1326 851 1436 892 della
1480 853 1551 892 via
1594 852 1702 893 della
1748 855 1917 896 Marino

245 919 298 961 47
327 919 451 961 Febr.
487 918 595 962 4873
639 925 809 972 reperta
856 924 921 959 est
966 918 1086 971 glans
1130 919 1417 973 anepigrapha
1459 919 1653 972 pendens
1699 921 1800 974 45,5
1832 936 1913 976 gr.,

244 990 368 1042 longa
398 989 527 1042 0‚04,
571 1001 629 1029 cr.
666 988 797 1040 Ο,046
831 994 873 1028 et
904 988 1031 1040 0,02;
1083 987 1184 1028 inde
1225 1001 1279 1028 ex
1324 988 1374 1027 47
1397 989 1514 1029 Mart.
1546 988 1651 1029 4873
1696 990 1738 1029 in
1772 1003 1917 1032 museo

240 1058 516 1112 Neapolitano
555 1069 599 1098 n.
635 1056 715 1097 445
757 1063 976 1108 servatur3
1035 1057 1089 1097 cf.
1134 1057 1271 1098 musei
1313 1058 1551 1098 Inventorio
1594 1071 1673 1098 ms.
1723 1065 1764 1099 et
1807 1072 1917 1112 quae

238 1127 382 1169 notavi
413 1125 469 1168 ad
498 1138 543 1166 n.
571 1126 612 1178 6,
639 1140 692 1166 45.

241 1196 478 1249 Pompei.
550 1193 674 1248 Inde,
725 1195 761 1235 si
807 1194 967 1248 credis,
1014 1195 1210 1248 provenit
1256 1195 1375 1248 glans
1422 1196 1695 1249 inscriptione
1741 1209 1912 1251 carens,

185 1292 188 1294 -
239 1265 364 1319 longa
394 1264 542 1316 0‚028‚
577 1276 705 1317 quam
737 1276 936 1305 museum
966 1264 1239 1305 Berolinense
1271 1277 1294 1304 a
1324 1265 1492 1305 Ternite
1531 1265 1689 1318 pictore
1735 1268 1913 1320 accepit.

138 1473 206 1513 48.

140 1679 206 1720 49.

136 2162 206 2206 20.

135 2301 184 2343 24
197 2332 207 2342 .

135 2371 183 2413 2⁴
193 2383 235 2411 a.

135 2451 206 2494 22.

240 1332 508 1375 Friederichs
536 1333 703 1374 Berlins
742 1332 878 1374 antike
907 1331 1141 1374 Bildwerke
1171 1333 1205 1372 II
1243 1332 1383 1387 (4874)
1418 1337 1462 1386 p.
1498 1334 1572 1374 244
1619 1347 1662 1375 n.
1701 1335 1826 1376 4434.
1859 1360 1917 1365 -

242 1401 307 1445 Cf.
341 1401 396 1443 ad
426 1415 469 1443 n.
507 1402 547 1455 6,
572 1415 625 1443 45.

245 1472 408 1513 Tarsi
455 1469 604 1525 (prope
635 1470 839 1524 Potenza).
914 1469 976 1511 Ibi
1018 1476 1187 1523 reperta
1219 1476 1285 1510 est
1319 1483 1404 1510 una
1435 1471 1556 1524 glans
1597 1483 1712 1512 nunc
1752 1480 1918 1514 servata

239 1541 286 1582 in
321 1552 468 1582 museo
509 1539 781 1592 Neapolitano
822 1551 867 1581 n.
894 1538 947 1580 72
970 1557 1025 1575 =
1049 1540 1149 1580 248.
1212 1538 1319 1580 Vide
1362 1539 1526 1580 Fiorelli
1570 1540 1761 1595 Cataloyo
1792 1556 1836 1595 p.
1865 1543 1915 1584 42

245 1609 335 1665 (ubi
366 1610 460 1664 lege
492 1609 721 1661 εΥΗΘιΔΑ).

245 1678 421 1734 Geylie
452 1677 732 1732 (Messapico).
796 1678 860 1719 Ibi
902 1691 941 1718 a.
979 1676 1088 1718 4877
1132 1676 1310 1731 glandes
1351 1677 1490 1718 XLVII
1529 1676 1653 1730 (XXX
1694 1680 1930 1733 anepigra—·

242 1748 376 1802 phac,
424 1749 515 1790 XVI
546 1749 705 1790 Graece
747 1747 1002 1800 inscriptae,
1040 1748 1055 1786 I
1088 1747 1274 1787 incertae
1307 1745 1515 1800 lectionis)
1561 1753 1754 1800 repertae
1796 1755 1910 1788 sunt.

243 1815 393 1858 Edidit
421 1816 540 1859 Viola
577 1816 765 1872 yiornale
801 1815 847 1856 di
876 1817 1039 1870 Pompei
1066 1817 1117 1857 IV
1149 1815 1180 1869 (4
1192 1814 1288 1869 878)
1326 1829 1368 1868 p.
1398 1814 1451 1855 75
1473 1828 1538 1868 sq.
1603 1816 1768 1857 Partem
1808 1816 1912 1858 vidi.

241 1886 288 1928 In
331 1885 673 1940 quattuordecim
719 1885 929 1938 exemplis
972 1892 1037 1926 est
1085 1886 1297 1926 ΕΥΗΘΙΔΑ.
1346 1908 1404 1913 ——
1439 1885 1503 1924 Ex
1549 1883 1698 1925 eadem
1743 1887 1914 1939 regione

241 1955 492 2010 provenisse
521 1953 697 1996 videtur
717 1953 839 2007 glans
869 1954 1007 1995 musei
1039 1955 1163 1995 civici
1193 1954 1448 2007 Tergestini,
1484 1966 1567 2006 quo
1598 1954 1716 1995 venit
1738 1968 1792 1995 ex
1822 1968 1918 1996 mu—

239 2037 311 2066 seo
332 2024 608 2078 Ostrogovich
638 2035 770 2077 prope
801 2024 930 2063 Lecce
961 2022 1143 2064 testibus
1169 2023 1321 2063 Ottone
1343 2021 1563 2062 Benndorf
1592 2028 1634 2063 et
1654 2023 1771 2063 Kunz
1809 2022 1915 2077 (lego

241 2093 286 2134 in
318 2105 369 2134 ea
394 2090 624 2145 ΕΥΗΘΙΔΑ).

239 2163 354 2203 Inter
385 2161 613 2204 Cassano
645 2166 687 2202 et
719 2161 1102 2203 Castrovillari
1137 2159 1269 2213 (prov.
1305 2160 1501 2214 Cosenza)
1540 2173 1631 2213 rep.
1677 2167 1776 2201 sunt
1806 2160 1915 2202 duae

239 2230 520 2285 inscriptione
552 2236 762 2271 carentes.
826 2229 933 2271 Vide
963 2229 1019 2271 ad
1049 2244 1092 2271 n.
1120 2230 1215 2268 89*.

241 2301 592 2353 Leucopetra.
654 2298 760 2340 Vide
791 2298 847 2339 ad
876 2312 919 2339 n.
947 2299 1016 2339 54.

274 2369 602 2424 [catamare.
666 2368 770 2410 Inde
800 2368 1028 2421 provenire
1059 2380 1101 2407 n.
1129 2367 1199 2418 54,
1224 2382 1240 2408 5
1272 2379 1356 2407 non
1388 2372 1502 2407 recte
1534 2364 1752 2419 traditur.]

241 2451 288 2492 ln
318 2449 510 2491 Sicilia
541 2454 714 2502 praeter
743 2449 912 2489 Latinas
943 2448 1121 2501 glandes
1152 2447 1314 2488 Pisonis
1335 2448 1507 2487 Hennae
1544 2446 1910 2501 (Castroyiovanni)

239 2521 436 2561 inventas
476 2531 560 2559 non
589 2530 750 2572 paucae
782 2518 1060 2558 innotuerunt
1091 2517 1289 2558 Graecae.
1343 2517 1498 2556 Earum
1530 2515 1638 2556 aliae
1669 2516 1757 2556 loco
1788 2529 1917 2569 supra

240 2587 368 2641 dicto,
403 2587 510 2629 aliae
541 2588 587 2628 in
608 2593 751 2628 monte
772 2587 925 2640 Eryce,
962 2587 1070 2628 aliae
1097 2599 1228 2639 prope
1252 2586 1501 2625 Panormum
1533 2585 1577 2624 in
1608 2591 1749 2625 monte
1771 2585 1910 2637 Erote,

241 2658 350 2699 aliae
393 2657 438 2698 in
475 2669 576 2710 agro
607 2657 808 2696 Leontino
851 2662 1046 2709 repertae
1089 2661 1202 2696 sunt.
1268 2654 1448 2694 Vltimae
1478 2653 1591 2694 bello
1622 2667 1659 2693 a.
1687 2653 1913 2693 652-655

243 2724 497 2768 tribuendas
536 2731 654 2779 patet
695 2738 749 2765 ex
787 2723 1040 2765 Athenionis
1078 2725 1249 2764 nomine
1291 2724 1495 2775 inscripto
1532 2721 1599 2777 (cf.
1635 2724 1915 2764 Mommsenus

244 2795 370 2849 Corp.
404 2795 421 2835 I
451 2794 506 2836 ad
538 2794 650 2848 642).
715 2793 863 2835 Editae
894 2799 997 2834 sunt
1026 2794 1069 2833 in
1101 2793 1228 2845 Corp.
1263 2792 1293 2832 1.
1329 2792 1402 2832 Gr.
1439 2791 1574 2840 8529;
1623 2791 1757 2842 5570;
1800 2791 1912 2832 5748

245 2871 287 2906 et
315 2863 370 2905 ab
400 2864 612 2905 Antonino
644 2863 809 2904 Salinas
850 2860 1007 2903 Annali
1034 2862 1124 2902 dell’
1157 2862 1260 2902 Inst.
1308 2861 1416 2900 4878
1457 2873 1500 2913 p.
1534 2860 1587 2899 30
1619 2872 1714 2913 sqq.
1761 2884 1811 2890 —
1853 2862 1916 2901 Ex

244 2934 354 2976 libro
383 2934 497 2975 Delle
533 2933 612 2974 due
642 2945 789 2973 mazze
826 2931 985 2973 antiche
1015 2932 1147 2971 votive
1183 2930 1270 2971 alla
1299 2931 1428 2970 Beata
1466 2930 1632 2983 Veryine
1662 2929 1705 2969 di
1734 2930 1916 2970 Messina

243 3002 421 3058 glandes
440 3015 525 3044 non
548 3002 775 3055 inscriptas
803 3000 860 3055 (in
882 3001 1027 3042 Sicilia
1038 2999 1070 3055 5²)
1098 3005 1290 3053 repertas
1321 3011 1414 3039 esse
1436 2998 1687 3039 memoravit
1708 2999 1911 3051 Ficoroni,

241 3071 394 3114 Labico
418 3070 527 3112 4745
550 3084 593 3124 p.
623 3072 693 3112 86.
728 3070 783 3111 At
803 3069 903 3112 vide
925 3070 969 3110 in
1001 3069 1145 3110 Indice
1167 3074 1388 3109 auctorum
1410 3081 1454 3120 p.
1475 3067 1603 3107 XLII:
1639 3068 1910 3107 Spmmzmm.

242 3164 300 3173 —
323 3140 509 3182 Glandes
539 3141 787 3194 argillaceas
819 3140 863 3179 in
885 3139 1029 3180 Sicilia
1051 3144 1242 3191 repertas
1264 3138 1511 3189 Graeceque
1543 3136 1768 3188 inscriptas
1788 3148 1916 3188 prae-

243 3216 311 3253 ter
345 3211 451 3251 alios
490 3209 628 3251 edidit
667 3211 896 3264 Mommsen
934 3207 1127 3249 Zeitsohr.
1168 3206 1203 3260 f.
1246 3204 1326 3247 Ali.
1375 3206 1483 3245 4846
1524 3219 1566 3257 p.
1603 3204 1682 3243 783
1718 3215 1782 3256 sq.
1847 3203 1911 3244 Cf.

243 3292 288 3321 n.
325 3279 378 3320 45
410 3278 553 3320 adnot.
631 3265 821 3319 Militaris
861 3290 967 3319 usus
1009 3290 1080 3317 eas
1122 3275 1253 3316 fuisse
1294 3274 1513 3328 probabile
1553 3279 1617 3314 est
1664 3272 1788 3326 (Bull.
1822 3272 1915 3313 dell'

224 3334 346 3390 vInst.
385 3348 495 3388 4846
517 3361 561 3401 p.
589 3347 667 3400 70,
702 3347 880 3389 Vischer
903 3345 1108 3399 Schriften
1139 3343 1312 3397 11244),
1350 3341 1587 3384 cuiusmodi
1619 3342 1702 3382 tela
1725 3340 1915 3383 adhibita

244 3430 338 3460 esse
383 3424 530 3458 narrat
570 3417 724 3458 Caesar
759 3416 820 3460 b..
849 3416 955 3457 Gall.
999 3415 1039 3468 5,
1076 3415 1143 3466 43,
1190 3413 1356 3465 aliaque
1399 3411 1594 3464 exempla
1626 3411 1724 3451 licet
1765 3410 1917 3463 anepi-
