2242 3776
385 337 478 384 102
1047 339 1257 373 GLANDES
1285 339 1488 371 spvaE.

377 469 423 504 9*
442 471 562 513 [Corp.
583 469 628 502 IX
646 466 746 510 672*]
776 467 829 500 Ex
853 467 982 499 Piceno
1007 474 1126 506 inme„
1155 473 1251 498 nunc
1275 465 1311 497 in
1338 451 1430 499 mus.
1450 463 1612 497 Kircher.
1641 472 1677 497 n.
1697 465 1774 495 249.

1237 546 1308 573 LEG

1234 614 1274 641 VI
1284 614 1304 641 F

382 684 467 718 Tab.
484 684 549 718 XII
567 687 599 716 2.
650 683 842 725 Descripsi.
870 700 912 706 -
939 682 989 714 De
1005 682 1144 714 Minicis
1169 683 1194 714 t.
1215 682 1281 713 119
1308 689 1343 722 p.
1365 682 1442 712 202.
1472 681 1536 711 208
1567 678 1712 720 (Bitschl
1738 680 1762 711 t.
1777 678 1856 711 VIII
1882 680 1942 718 43;
1969 678 2168 711 Mommsen
2236 664 2242 732 ’ᾗ

382 743 486 785 Corp.
506 742 518 774 Ι
545 740 641 783 659);
672 741 844 774 Garrucci
869 738 956 781 Syll.
977 747 1011 771 n.
1034 740 1117 778 9543
1147 738 1323 779 Ruggiero
1348 737 1422 770 Cat.
1443 745 1478 769 n.
1498 738 1579 770 249.

386 841 451 876 10*
471 843 588 886 [Corp.
609 844 659 876 IX
679 841 779 884 673*]
815 843 954 884 reperta
988 842 1024 873 in
1050 840 1195 873 Truenti
1220 840 1327 882 ripis,
1364 848 1460 872 nunc
1485 839 1521 871 in
1547 847 1673 871 museo
1698 838 1858 870 Kircher.
1886 846 1989 871 nume.
2040 837 2093 871 lbi
2117 839 2173 871 est

433 910 468 935 n.
489 903 567 933 220.
610 900 692 934 Non
710 901 808 932 recte
824 899 919 931 inter
936 898 1128 931 Perusinas
1152 897 1290 930 rettulit
1306 896 1534 936 RitscheliuS‚
1563 904 1636 928 non
1660 895 1841 935 Minicius,
1867 896 1909 928 ut
1930 904 1996 938 per
2011 903 2172 929 errorem

432 958 523 991 dixit
547 957 659 999 Bergk
688 965 772 989 ann.
792 956 951 989 Rhenan.
974 958 1015 987 55
1039 963 1075 998 p.
1097 957 1137 986 33
1157 956 1231 986 not.

1206 1035 1227 1061 L
1256 1035 1322 1062 XII

1234 1092 1308 1119 FVL

388 1161 474 1195 Tab.
494 1162 543 1194 XI
565 1163 619 1193 40.
668 1160 861 1202 Descripsi.
883 1177 923 1183 —
942 1160 992 1192 De
1010 1159 1151 1191 Minicis
1175 1160 1201 1191 t.
1219 1159 1250 1190 ΙΙ
1275 1160 1316 1190 64
1336 1167 1370 1200 p.
1391 1160 1456 1190 237
1488 1157 1698 1198 (Mommsen
1715 1157 1739 1191 1.
1758 1157 1812 1200 l.);
1840 1157 1974 1202 Ritschl
2000 1159 2026 1191 t.
2042 1156 2094 1191 {x
2113 1158 2173 1198 ⁴8;
2191 1187 2196 1192 .

392 1219 562 1252 Garrucci
588 1217 675 1259 Syll.
704 1226 736 1249 n.
760 1219 844 1257 964;
874 1217 1049 1257 Ruggiero
1074 1216 1149 1249 Cat.
1177 1223 1212 1247 n.
1234 1217 1312 1248 220.

390 1318 455 1353 11*
476 1320 590 1361 [Corp.
612 1320 662 1352 IX
679 1319 780 1361 674*]
808 1321 979 1352 ritrovata
1001 1319 1094 1360 neyli
1116 1318 1290 1350 Abbruzzi
1313 1326 1435 1357 inme„
1464 1326 1561 1351 nunc
1585 1319 1620 1350 in
1645 1327 1740 1352 mus.
1760 1317 1920 1351 Kircher.
1940 1327 1975 1352 n.
1995 1320 2075 1351 222.

1184 1399 1255 1426 LEG
1284 1388 1385 1425 {Vm

1209 1468 1229 1494 F
1248 1468 1258 1494 1
1276 1469 1301 1494 R

390 1536 477 1569 Tab.
498 1537 545 1568 XI
564 1539 594 1568 8.
640 1535 833 1577 Descripsi.
853 1552 899 1558 —
917 1535 967 1567 De
985 1535 1126 1567 Minicis
1144 1536 1167 1566 t.
1185 1535 1215 1566 ΙΙ
1237 1534 1282 1575 [n.
1303 1533 1333 1575 7]
1354 1542 1389 1576 p.
1405 1537 1485 1567 202.
1505 1536 1569 1566 207
1602 1533 1745 1575 (Bitschl
1763 1536 1787 1566 t.
1801 1535 1877 1567 VIII
1891 1537 1951 1575 ⁴5;
1977 1535 2179 1571 Mommsen

391 1594 632 1636 Corp.1662;
668 1591 823 1624 Fabretti
857 1592 962 1634 Corp.
982 1593 1008 1626 I.
1035 1592 1114 1625 Ital.
1141 1600 1177 1623 n.
1199 1593 1282 1624 2684
1306 1592 1367 1632 bis,
1387 1601 1405 1624 c
1438 1594 1473 1624 et
1506 1591 1663 1624 Glossar.
1697 1601 1733 1634 p.
1755 1593 1853 1632 484);
1890 1593 2060 1627 Garrucci
2091 1594 2177 1636 Syll.

393 1660 428 1683 n.
450 1652 535 1690 9663
564 1650 740 1691 Ruggiero
764 1649 841 1682 Cat.
861 1658 897 1681 n.
918 1651 996 1681 222.

462 1708 552 1740 Cum
577 1707 614 1739 in
644 1707 878 1748 inscriptione
904 1706 1116 1739 Gruter-iana
1145 1707 1245 1745 4096,
1266 1708 1284 1738 6
1318 1713 1383 1737 Lm
1407 1714 1490 1738 xv111
1513 1713 1591 1738 PIRM
1625 1706 1718 1738 male
1752 1714 1817 1748 pro
1848 1715 2182 1743 nne-xvt-rzqunu

393 1767 429 1797 et
454 1765 491 1797 in
517 1764 742 1797 Fabrettiana
768 1766 847 1803 385,
867 1766 927 1795 224
958 1773 1098 1796 xvm....
1118 1772 1184 1805 pro
1201 1772 1394 1797 XVI-FL·F...
1422 1762 1601 1804 legeretur
1634 1761 1691 1803 (cf.
1711 1763 1938 1797 Kellermann
1954 1764 2033 1807 Vig.
2060 1774 2096 1799 n.
2117 1768 2180 1809 343

393 1822 593 1854 Mommsen
619 1821 725 1863 Corp.
744 1821 778 1852 X
804 1822 914 1861 4202,
950 1820 1121 1862 Borghesi
1146 1829 1228 1862 opp.
1250 1820 1310 1853 VII
1335 1828 1370 1861 p.
1394 1820 1486 1860 466),
1521 1819 1699 1861 legionem
1722 1829 1805 1853 xvm
1838 1820 1982 1855 firmam
2005 1823 2184 1857 exstitisse

394 1882 470 1910 tum
496 1878 643 1920 quidem
669 1877 878 1911 credebant.
929 1877 980 1910 Eo
1006 1886 1127 1910 errore
1152 1877 1324 1910 seductus
1348 1876 1511 1909 falsarius
1536 1876 1628 1910 hanc
1653 1878 1925 1920 inscriptionem
1949 1879 2063 1915 finxit.

394 1978 459 2014 12*
479 1981 596 2024 [Corp.
616 1981 664 2013 IX
683 1978 782 2022 675*]
809 1980 905 2023 dagli
921 1981 1073 2014 Abruzzi
1097 1989 1186 2020 um„
1213 1989 1311 2013 nunc
1335 1980 1371 2012 in
1396 1989 1489 2013 mus.
1510 1980 1674 2015 Kircher.
1700 1990 1735 2015 n.
1756 1983 1834 2014 248.

1224 2061 1359 2088 LXXX

1223 2130 1251 2157 V
1290 2130 1318 2156 V

396 2196 478 2232 Tab.
500 2197 549 2230 XI
567 2199 621 2230 44.
673 2198 866 2240 Descripsi.
892 2215 939 2221 —
963 2198 1013 2230 De
1032 2197 1259 2229 Minicist.11
1279 2199 1314 2229 44
1347 2205 1381 2238 p.
1402 2199 1480 2228 202.
1503 2199 1568 2229 209
1597 2197 1742 2238 (Ritschl
1767 2200 1792 2232 t.
1805 2200 1880 2232 VIII
1899 2202 1960 2241 ⁴73
1987 2201 2187 2236 Mommsen

395 2255 501 2297 Corp.
522 2256 535 2286 I
563 2254 661 2296 664);
691 2254 864 2287 Garrucci
889 2254 974 2297 Syll.
994 2263 1029 2296 p.
1050 2257 1135 2296 263;
1164 2255 1338 2296 Ruggiero
1364 2255 1438 2287 Cat.
1458 2264 1493 2287 n.
1515 2257 1593 2287 248.

400 2354 465 2390 13*
485 2357 602 2400 [Corp.
620 2358 667 2390 IX
687 2357 786 2399 676*]
816 2358 911 2390 inter
927 2357 1075 2398 glandes
1098 2356 1183 2390 belli
1202 2357 1346 2391 socialis
1364 2357 1500 2390 rettulit
1516 2366 1636 2399 nume„
1657 2367 1755 2391 nune
1771 2368 1865 2393 mus.
1879 2360 2040 2395 Kircher.
2060 2371 2095 2395 n.
2109 2365 2188 2396 234.

1251 2440 1342 2466 MAR

1258 2507 1335 2534 VLT

401 2572 488 2604 Tab.
509 2573 558 2605 XI
580 2575 633 2606 43.
684 2573 879 2614 Descripsi.
904 2590 950 2596 —-
974 2574 1024 2605 De
1043 2574 1185 2606 Minicis
1210 2575 1235 2606 t.
1255 2574 1286 2605 11
1305 2575 1344 2604 43
1370 2582 1406 2615 p.
1428 2575 1506 2607 203,
1528 2576 1592 2606 240
1622 2574 1766 2615 (Bitschl
1784 2577 1808 2608 t.
1825 2577 1904 2609 VIII
1923 2578 1961 2617 4;
1990 2578 2189 2613 Mommsen

400 2629 505 2671 Corp.
526 2630 539 2661 1
566 2629 663 2670 686);
693 2630 862 2662 Garrucci
887 2630 972 2672 Syll.
994 2639 1028 2672 p.
1048 2633 1133 2672 263;
1160 2630 1333 2672 Ruggiero
1359 2631 1434 2663 Cat.
1452 2639 1487 2664 n.
1509 2633 1587 2664 234.

493 2687 629 2719 Aversa
655 2695 735 2728 pars
761 2695 878 2720 vacua
903 2689 968 2720 est.
1019 2687 1086 2720 Per
1111 2696 1273 2720 errorem
1307 2688 1415 2729 igitur
1438 2688 1605 2720 Minicius
1638 2689 1674 2721 in
1699 2688 1824 2723 tabula
1851 2689 2013 2725 fulminis
2038 2691 2191 2735 figuram

407 2744 455 2784 (in
489 2744 749 2775 commentario
781 2752 853 2776 non
887 2745 1134 2784 memoratam)
1170 2744 1352 2783 adiunxit,
1388 2744 1529 2786 glandis
1560 2744 1676 2778 forma
1701 2755 1845 2789 quoque
1872 2747 2014 2790 adpicta
2047 2750 2193 2783 omnino

404 2801 558 2833 diversa.
607 2801 696 2833 Eam
723 2802 785 2832 aut
810 2801 885 2843 ipse
911 2810 954 2833 ex
979 2810 1128 2834 nummo
1154 2810 1266 2834 aeneo
1290 2802 1413 2844 prisco
1435 2801 1490 2843 (cf.
1516 2802 1624 2835 Catal.
1647 2803 1686 2844 of
1703 2804 1808 2845 yreek
1824 2806 1917 2837 coins
1933 2806 1969 2837 in
1994 2806 2048 2839 tho
2064 2806 2195 2840 British

404 2858 582 2890 Museum:
617 2858 720 2898 Italy,
759 2860 846 2890 4873
883 2867 917 2900 p.
947 2859 1002 2898 44)
1039 2860 1100 2891 aut
1132 2867 1175 2890 ex
1207 2858 1337 2900 glande
1371 2859 1494 2892 nescio
1527 2869 1597 2901 qua
1630 2859 1716 2893 falsa
1750 2860 1794 2893 ad
1825 2871 2015 2895 nummum
2041 2863 2194 2897 conficta

406 2915 581 2956 repetivit.

497 2972 664 3004 Minicius
689 2972 725 3003 in
752 2981 874 3004 earum
893 2981 1047 3005 numero
1065 2974 1196 3015 posuit,
1225 2982 1319 3015 quae
1344 2973 1391 3006 ad
1406 2973 1542 3006 bellurn
1568 2974 1701 3007 sociale
1726 2978 1930 3018 spectarent
1950 2975 2004 3018 (cf.
2025 2986 2060 3020 p.
2081 2980 2141 3009 204
2161 2979 2197 3011 et

406 3028 499 3069 240),
527 3038 643 3070 neque
669 3028 908 3062 dubItandum
935 3033 999 3070 est,
1028 3031 1113 3072 quin
1140 3031 1172 3062 ei
1198 3030 1397 3063 indicatum
1421 3030 1541 3070 fuerit,
1569 3031 1736 3073 glandem
1763 3032 1858 3075 apud
1878 3033 2052 3066 Asculum
2076 3035 2133 3067 vel
2158 3026 2195 3067 iii
2228 3035 2231 3038 '

402 3094 487 3126 agro
513 3086 644 3117 Piceno
670 3088 849 3128 repertam
874 3095 963 3119 esse.
1018 3087 1062 3119 At
1088 3089 1185 3119 recte
1211 3089 1455 3121 Mommsenus
1481 3088 1504 3120 l
1534 3088 1556 3122 l.
1593 3089 1734 3121 monuit
1765 3089 1859 3122 hanc
1889 3089 2057 3131 glandem
2089 3100 2195 3134 prae-

406 3147 570 3184 terquam
596 3143 693 3185 quod
718 3145 825 3176 unica
850 3146 945 3177 esset
970 3145 1062 3177 inter
1078 3145 1233 3184 Latinas,
1261 3154 1354 3187 quae
1380 3147 1521 3177 certum
1547 3146 1606 3178 dei
1635 3154 1766 3179 nomen
1792 3147 2007 3189 inscriptum
2031 3148 2193 3188 haberet,

406 3200 499 3232 male
516 3200 687 3234 collocari
712 3201 805 3233 inter
821 3201 1031 3243 Aprutinas,
1058 3203 1110 3241 ut,
1139 3203 1232 3235 nisi
1258 3204 1354 3235 tota
1381 3202 1495 3235 ficta
1520 3205 1667 3243 esset,
1695 3204 1861 3236 Minicius
1886 3204 1931 3236 de
1955 3204 2034 3237 loco
2059 3211 2242 3239 errasse

407 3257 587 3298 putandus
613 3259 718 3290 esset.
763 3257 901 3291 Referri
926 3267 1013 3291 sane
1038 3267 1145 3301 posse
1163 3259 1255 3291 inter
1271 3260 1474 3292 Perusinas.
1518 3260 1611 3294 Nam
1628 3261 1821 3302 Augustus,
1849 3261 1912 3303 qui
1937 3262 2056 3294 aedem
2073 3262 2199 3295 Martis

409 3315 493 3347 bello
511 3315 720 3356 Philippensi
740 3324 807 3356 pro
831 3317 961 3349 ultione
981 3319 1133 3357 paterna
1158 3319 1314 3357 suscepto
1337 3320 1479 3350 voverat
1497 3317 1653 3358 (sueton.
1670 3318 1758 3359 Aug.
1777 3318 1849 3359 29),
1876 3317 2059 3351 dedicavit
2076 3319 2199 3351 Martis
2232 3301 2242 3323 ³

408 3371 539 3403 Vltoris
564 3372 691 3404 aedem
717 3373 896 3406 minorem
922 3375 958 3406 in
985 3373 1158 3415 Capitolio
1182 3382 1213 3406 a.
1236 3374 1319 3413 734,
1356 3374 1507 3406 alteram
1532 3375 1707 3407 maiorem
1732 3376 1769 3407 in
1793 3374 1871 3407 foro
1895 3375 2054 3415 Augusto
2079 3383 2110 3407 a.
2134 3377 2198 3407 752

413 3427 560 3470 <Corp.1
585 3438 619 3470 p.
643 3431 706 3460 393
734 3431 768 3461 et
793 3431 860 3463 Res
885 3432 1006 3472 gestae
1033 3431 1073 3463 D.
1095 3431 1134 3463 A.
1155 3430 1211 3463 ed.
1234 3433 1252 3462 2
1278 3439 1314 3472 p.
1337 3430 1429 3471 426).
1480 3431 1580 3463 Prior
1604 3433 1724 3464 autem
1756 3431 1834 3464 eius
1866 3431 2024 3464 numinis
2049 3432 2197 3472 mentio,

410 3485 504 3516 sicut
528 3484 625 3517 idem
644 3486 889 3519 Mommsenus
909 3487 1131 3527 observavit,
1158 3496 1229 3519 non
1249 3489 1376 3521 exstat.
1404 3504 1448 3511 —-
1474 3488 1527 3520 Ad
1553 3488 1641 3521 haec
1659 3488 1832 3529 Bergkius
1850 3488 1941 3521 Schl.
1957 3497 1992 3530 p.
2012 3491 2075 3520 409
2102 3490 2200 3521 recte
2240 3483 2242 3486 ’
