2210 3788
913 287 1179 322 PRAEFATIO.
1854 303 1942 333 XIII

146 410 150 419 “
216 423 223 436 ι
285 413 392 453 ιιιιιε,
428 399 505 442 sed
537 400 665 441 etiam
697 401 740 441 in
771 400 858 441 illis
888 414 1019 442 unum
1057 405 1278 458 exemplar
1307 405 1480 447 maximi
1512 414 1728 460 repertum
1760 415 1824 450 est
1854 424 1946 451 mo-

267 481 314 511 n.
337 469 408 510 89.
433 491 492 499 —-
511 468 688 510 Glandis
718 469 1068 523 Pompeianorum
1099 472 1312 526 Hispanae
1344 487 1386 515 n.
1424 476 1476 515 49
1510 475 1677 528 pondus
1707 477 1939 529 ignoratur,

179 527 373 593 effigie
402 543 545 580 autem
582 536 638 590 (0,
645 537 728 578 045
759 538 895 592 longa)
942 546 1120 592 apparet
1162 541 1332 583 modulo
1364 555 1456 584 eam
1488 545 1664 598 propius
1693 544 1849 587 afuisse
1890 547 1943 587 ab

312 607 370 649 ·is
409 619 538 660 quam
579 620 603 648 a
646 607 949 649 Perusinarum
982 609 1219 662 plerisque.
1297 609 1485 652 Alterius
1526 612 1693 665 glandis
1733 613 1942 667 Hispanae

180 663 270 723 n
298 674 468 731 pondus
498 681 564 717 est
595 676 664 724 93,
689 689 726 718 83
757 689 822 729 gr.
847 700 904 707 -
924 676 1119 730 Denique
1140 678 1309 731 glandis
1330 680 1564 721 Salvidieni
1594 693 1638 721 n.
1663 681 1710 721 51
1751 684 1943 736 exempla

131 736 214 778 ῑ”
245 743 334 798 ··sfl,
360 757 398 788 to
427 756 490 798 gr
530 743 612 798 (7),
663 743 717 785 76
748 757 814 799 gr.
855 744 928 799 (8),
992 745 1063 798 78,
1087 761 1124 789 40
1154 759 1216 800 gr.
1256 747 1311 802 (6)
1354 748 1546 802 pendent
1590 750 1800 804 longaque
1844 758 1945 793 sunt

271 812 339 862 ³⁸0
370 818 414 855 et
442 812 496 853 50
519 825 621 855 mm.

87 911 98 923 2
114 939 115 942 Ἰ
133 878 520 936 winobiginem,
557 894 642 936 qua
671 881 847 936 glandes
878 882 1086 925 obductae
1118 897 1211 926 esse
1241 886 1399 938 solent,
1443 887 1687 928 examinare
1725 900 1808 928 non
1848 888 1946 929 nul-

111 970 114 972 *
141 956 324 1015 'est
351 951 559 993 momenti
597 950 652 992 ad
693 950 998 994 discernendas
1037 953 1246 1006 genuinas
1277 968 1301 996 a
1331 955 1505 1008 spuriis.
1569 956 1614 995 In
1655 968 1740 1009 qua
1770 969 1817 997 re
1847 956 1945 998 licet

130 1013 215 1033 ⁴
200 1029 252 1074 ξς
270 1020 522 1076 proficiatur
551 1020 685 1062 oculis
703 1031 798 1062 'usu
838 1023 1083 1063 exercitatis
1121 1035 1248 1076 quam
1279 1022 1578 1078 descriptione,
1620 1037 1775 1078 genera
1805 1031 1944 1067 tamen

264 1101 351 1132 ·am
381 1088 572 1131 breviter
601 1090 883 1144 significanda
912 1097 1027 1133 sunt.
1087 1092 1241 1133 Multae
1270 1091 1447 1146 glandes
1478 1093 1715 1147 robiginem
1746 1094 1945 1135 exhibent

284 1157 498 1212 ·duram,
532 1158 656 1200 modo
688 1159 825 1200 levem
873 1158 994 1213 (sieut
1026 1160 1279 1202 Graecarum
1310 1162 1565 1216 permultae)
1603 1162 1724 1203 modo
1755 1162 1945 1204 scabram

170 1272 187 1295 a
200 1226 513 1283 tab.v117)‚
548 1241 710 1282 paucae
740 1228 1048 1282 ferruginosam
1078 1229 1234 1271 levem.
1281 1228 1517 1272 Asculanae
1548 1231 1592 1271 in
1622 1244 1732 1284 aqua
1764 1232 1944 1285 reperiri
2016 1219 2028 1233 ’

216 1302 295 1352 t,
327 1308 413 1351 quo
443 1302 586 1340 tamen
628 1310 681 1338 ex
721 1299 835 1352 agris
865 1298 1019 1339 vicinis
1059 1298 1150 1340 fere
1181 1305 1283 1341 sunt
1313 1298 1562 1351 devolutae;
1609 1300 1725 1341 unde
1755 1301 1946 1354 explica-

167 1344 237 1421 s..
289 1365 407 1421 quod
441 1366 674 1420 robiginis,
725 1379 834 1420 quae
874 1367 917 1407 in
959 1373 1072 1408 terra
1113 1368 1164 1408 iis
1202 1375 1473 1421 excreverat,
1523 1369 1750 1410 nonnullae
1790 1368 1947 1410 habent

92 1428 136 1491 ’.ιζ
172 1443 182 1448 ”
205 1434 219 1447 '
252 1436 360 1490 uias,
395 1435 627 1490 pleraeque
658 1435 800 1477 nudae
832 1443 956 1487 sunt;
993 1435 1070 1477 sed
1099 1437 1348 1490 superficies
1379 1435 1638 1490 quibusdam
1668 1443 1734 1478 est
1764 1443 1848 1478 tam
1879 1438 1947 1477 in-

95 1499 104 1510 ‘
248 1528 250 1530 -
279 1523 281 1540 s
305 1533 318 1558 ‚
362 1510 412 1546 ut
441 1505 478 1546 si
509 1504 708 1559 glandem
738 1504 1050 1559 candefeceris,
1086 1506 1265 1546 nucleus
1295 1504 1550 1559 liquefactus
1580 1511 1770 1556 emanet,
1804 1511 1948 1547 crusta

114 1606 141 1632 ··2-
159 1624 168 1630 ..
192 1624 212 1634 .,
253 1593 271 1609 ιι
312 1578 500 1615 -externa
539 1574 663 1627 quasi
703 1579 850 1615 cortex
894 1574 1177 1628 relinquatur.
1258 1573 1304 1615 ld
1351 1573 1465 1627 quod
1507 1575 1551 1614 in
1588 1587 1672 1615 uno
1713 1575 1948 1627 exemplari

64 1632 301 1703 ,ἕψω
338 1640 454 1696 vidi,
505 1642 621 1697 quod
659 1642 968 1685 Feuardentius
1008 1644 1268 1693 transmisit,
1318 1642 1462 1697 glandi
1507 1644 1804 1697 antiquitatem
1844 1643 1947 1693 mihi

63 1705 68 1723 ⁷
292 1722 402 1754 urus
431 1711 511 1754 hoc
539 1717 812 1766 argumento,
849 1712 1168 1754 subministrato
1200 1713 1262 1752 illi
1293 1725 1316 1753 a
1347 1711 1667 1763 venditoribus,
1703 1713 1815 1754 sicut
1845 1711 1947 1752 mihi

227 1778 445 1825 omui-{nio
485 1781 658 1823 aurifice
687 1779 899 1823 Asculano
937 1781 1005 1836 (cf.
1041 1795 1083 1835 p.
1111 1783 1164 1822 99
1197 1780 1345 1834 extr.).
1429 1781 1692 1830 Quibusdam
1724 1779 1948 1822 Asculanis

249 1844 369 1892 ·l’ns
398 1863 516 1892 nunc
534 1851 647 1892 color
675 1851 800 1905 niger
829 1857 903 1892 aut
923 1850 1055 1892 ruber
1075 1858 1152 1904 est,
1190 1849 1291 1891 inde
1314 1856 1453 1903 natus,
1490 1851 1603 1904 quod
1635 1851 1750 1891 iuxta
1783 1851 1946 1904 lignum

241 1940 256 1947 ν
277 1951 282 1955 »
300 1931 392 1962 ns
419 1926 494 1962 aut
523 1919 685 1962 ferrum
715 1921 877 1974 positae
908 1918 1095 1961 fuerunt.
1120 1943 1176 1950 —
1208 1920 1451 1961 Nonnullae·
1473 1920 1675 1973 aerugine
1706 1918 1833 1960 viridi
1864 1919 1941 1960 ob-

116 1998 125 2011 '
235 2001 282 2023 ⁴¹·-
316 1994 439 2041 sunt,
479 1994 625 2031 utrum
655 2002 756 2031 casu
786 2002 841 2030 an
873 1988 1023 2030 fraude
1070 1989 1233 2042 nescio,
1279 2002 1344 2029 ex.
1380 2001 1443 2042 gr.
1478 1994 1565 2029 tres
1597 1987 1795 2041 glandes,
1832 2000 1941 2041 quae

74 2080 78 2087 -
135 2049 258 2109 ..⁴
223 2047 227 2049 ]
288 2057 415 2100 ousii
444 2058 583 2112 legato
613 2058 713 2100 inde
744 2057 799 2099 ab
833 2058 883 2098 10
907 2059 993 2099 Ian.
1023 2058 1131 2098 1868
1164 2059 1208 2098 in
1231 2071 1374 2099 museo
1398 2058 1633 2099 Britannico
1663 2057 1942 2099 adservantur

190 2115 299 2168 25⁶
321 2125 394 2169 57.
419 2127 509 2182 61);
545 2139 655 2181 quae
687 2140 756 2169 res
786 2127 959 2169 induxit
979 2121 1243 2180 Vischerum,
1279 2133 1327 2168 ut
1349 2128 1498 2168 barum
1520 2127 1714 2168 ultimam
1735 2127 1938 2167 aheneam

216 2201 440 2250 putaret
474 2188 696 2252 (Schriften
725 2197 760 2236 II
798 2210 842 2250 p.
873 2195 935 2251 8).
998 2197 1103 2238 Item
1135 2209 1213 2250 per
1244 2209 1431 2237 errorem
1462 2197 1647 2237 aheneae
1678 2208 1771 2237 esse
1803 2194 1939 2236 dictae

202 2264 444 2321 glandes
474 2265 611 2308 musei
642 2266 897 2317 Florentini;
940 2265 1039 2307 vide
1085 2279 1129 2319 p.
1163 2266 1286 2307 XXV.
1357 2266 1448 2306 Duo
1490 2264 1746 2318 exemplaria
1785 2264 1938 2317 anepi-

340 2335 500 2378 ahenea
533 2337 781 2377 memoravit
819 2334 979 2388 Alessi,
1029 2336 1173 2376 lettera
1205 2334 1314 2375 1815
1347 2348 1389 2388 p.
1419 2334 1485 2387 19,
1531 2346 1663 2375 unum
1695 2333 1833 2374 musei
1863 2331 1941 2373 ba-

234 2399 424 2450 Astuto
455 2403 500 2445 in
531 2404 687 2458 oppido
719 2405 821 2446 Noto
858 2404 1089 2459 (repertum
1120 2404 1164 2445 in
1196 2403 1354 2457 ltalia),
1388 2404 1587 2444 alterum
1600 2416 1654 2443 ex
1683 2401 1732 2442 Α.
1758 2403 1808 2442 Μ.
1836 2402 1941 2455 Lupi

180 2523 195 2535 ‚,
275 2489 276 2492 ¹
347 2471 642 2528 leu.[Faenza
668 2472 793 2528 1785]
829 2475 912 2515 vol.
938 2475 1019 2527 lp.
1044 2473 1145 2526 265,
1180 2473 1254 2526 qui
1287 2479 1426 2514 tamen
1458 2472 1611 2526 flagelli
1643 2477 1804 2525 partem
1843 2469 1939 2524 (non

133 2533 146 2545 ς’
179 2535 203 2543 ’
243 2537 287 2593 ³)
316 2540 450 2584 fuisse
473 2542 548 2584 ait.
583 2567 639 2573 —-
671 2543 830 2585 Coloris
861 2543 1057 2595 caerulei,
1094 2542 1168 2596 qui
1200 2542 1242 2583 in
1275 2541 1427 2595 glande
1458 2554 1502 2581 n.
1530 2542 1598 2593 68,
1620 2555 1637 2581 5
1668 2545 1818 2592 exstat,
1853 2539 1940 2579 ori-

252 2628 271 2645 ιι
321 2608 382 2652 ibi
422 2610 624 2654 indicavi.
674 2636 723 2642 --
769 2611 954 2653 Glandes
993 2612 1152 2653 aculeis
1192 2610 1344 2652 ferreis
1388 2611 1572 2652 munitas
1615 2609 1842 2650 memoravi
1884 2607 1939 2648 ad

254 2746 303 2795 ln
332 2749 552 2792 nonnullis
581 2750 809 2805 glandibus
848 2751 1149 2804 anepigraphis
1187 2762 1320 2804 prope
1351 2761 1485 2790 unum
1523 2748 1716 2789 aculeum
1754 2745 1940 2786 foramen

210 2815 212 2818 ’
242 2822 299 2870 t,
342 2830 410 2860 ex.
445 2831 510 2873 gr.
544 2819 589 2861 in
627 2833 714 2861 una
755 2820 892 2881 musei
932 2819 1185 2874 Syracusani
1225 2825 1393 2872 reperta
1424 2817 1538 2871 apud
1569 2811 1799 2870 Syracusas
1830 2814 1942 2855 inter

76 2929 106 2950 ἱ,
159 2929 165 2935 ,
237 2886 340 2929 lin
360 2894 404 2930 et
423 2889 592 2943 Tychen
615 2888 706 2943 (ubi
727 2903 771 2930 n.
796 2903 824 2930 a
844 2896 887 2931 et
906 2889 929 2930 b
949 2902 1045 2943 pag.
1075 2888 1134 2943 4),
1169 2888 1214 2929 in
1234 2888 1315 2929 alia
1338 2887 1536 2928 Perusiae
1563 2891 1732 2938 reperta
1763 2889 1806 2924 et
1827 2895 1941 2923 nunc

73 2945 106 2987 ἦ
173 3003 175 3007 ,
206 2957 383 3025 comite
422 2957 698 3000 Rossi-Scotti
739 2964 926 3010 servata,
978 2958 1022 2998 in
1066 2958 1194 2999 tertia
1234 2957 1370 2997 musei
1401 2954 1740 2997 Vindobonensis
1782 2952 1938 2992 formae

73 3012 104 3028 ⁴'
282 3038 338 3068 e.
401 3026 638 3069 Guilelmus
679 3028 877 3080 Vischer,
924 3027 1130 3082 Schriften
1161 3028 1195 3067 ll
1226 3040 1267 3080 p.
1304 3027 1328 3065 9
1376 3024 1442 3078 (cf.
1479 3039 1520 3078 p.
1566 3022 1683 3075 240),
1720 3023 1793 3075 qui
1827 3020 1938 3061 idem

166 3087 451 3159 glandibus
490 3097 660 3138 Graecis
696 3096 940 3139 observavit
994 3095 1118 3150 (duae
1151 3101 1485 3135 ΚΑΛΛΙΣΤΡΑΤΟΥ
1517 3105 1668 3134 nomen
1699 3090 1938 3143 exhibent),

110 3215 123 3225 .
156 3211 162 3218 .
285 3165 411 3206 ·ousii
441 3166 725 3207 coniecturam
746 3167 883 3220 affert,
920 3166 1114 3207 foramini
1144 3178 1167 3206 a
1190 3164 1476 3206 funditoribus
1502 3163 1681 3202 insertas
1702 3172 1794 3200 esse
1816 3159 1941 3199 sche-

109 3245 114 3259 ³
292 3234 542 3288 inscriptas,
584 3248 680 3277 cum
718 3235 911 3277 hostibus
941 3248 1020 3289 per
1050 3233 1333 3288 proditionem
1371 3228 1756 3272 communicandas.
1819 3227 1940 3275 Quod

159 3292 163 3294 ]
193 3298 204 3310 '
219 3313 394 3356 (Ῑιιι)3ῐιι
425 3302 581 3346 factum
612 3317 707 3346 esse
726 3317 850 3359 posse
880 3318 964 3346 non
986 3316 1231 3358 negaverlm
1246 3301 1297 3356 ¹),
1334 3307 1472 3355 potest
1491 3305 1632 3341 tamen
1664 3298 1745 3339 alia
1766 3309 1935 3351 quoque

112 3454 115 3457 ‚
179 3406 264 3492 1.)
301 3408 456 3451 sagittas
486 3408 532 3442 ad
574 3408 668 3442 hanc
700 3401 776 3442 rem
818 3408 998 3442 adhibitas
1037 3416 1116 3441 esse
1158 3406 1362 3439 memorant
1403 3402 1574 3437 Herodot.
1611 3403 1705 3441 Vlll,
1743 3403 1806 3433 ⁴28
1842 3400 1937 3440 (inde

138 3463 140 3466 ’
168 3460 182 3470 ”
257 3465 458 3510 poliorc.
489 3468 526 3499 81
557 3465 668 3509 526),
701 3466 882 3501 Plutarch.
916 3466 1066 3499 Cimone
1095 3467 1154 3503 423
1199 3460 1367 3507 ὀξυβελῶν
1394 3459 1479 3506 βέλη
1505 3460 1670 3503 Polyaen.
1699 3461 1798 3492 strat.
1826 3458 1855 3490 ll
1876 3459 1937 3496 29;
