2242 3776
344 267 407 314 90
1014 272 1222 305 GLANDES
1247 271 1451 305 SPVRIAE.

343 402 471 433 runtve
483 399 519 441 ¹),
552 407 668 440 neque
694 400 805 430 totam
830 398 921 430 hane
945 396 1115 430 falsarum
1140 398 1296 439 speciem
1326 398 1561 438 agnoverunt,
1588 395 1625 428 id
1650 396 1746 429 enim
1771 395 1849 428 fieri
1874 404 1944 428 non
1969 397 2130 439 potuisse
2189 398 2192 403 “

342 458 627 490 consentaneum
652 456 705 487 est
729 454 798 487 nisi
831 455 919 496 ipsis
944 453 1137 496 glandibus
1169 455 1382 487 examinatis
1407 455 1442 486 et
1465 453 1690 494 ad.genuina
1716 452 1935 495 exemplaria
1959 454 2128 487 accurate

342 514 486 547 exactis.
539 512 608 545 Sed
634 511 718 544 inde
743 512 812 544 hoc
840 510 972 543 factum
998 513 1063 552 est,
1092 513 1134 543 ut
1157 511 1346 553 hucusque
1364 518 1491 543 omnes
1515 509 1583 542 hae
1601 509 1761 550 glandes,
1788 509 1896 541 etiam
1922 509 2130 552 suspicione
2167 531 2189 541 2
2228 511 2233 550 ”;

341 569 402 602 illa
427 569 600 612 seposita,
637 577 702 610 pro
729 568 895 609 genuinis
919 567 1025 609 vulgo
1057 567 1280 600 haberentur
1304 568 1570 608 ederenturque
1595 574 1664 598 non
1691 565 1807 598 solum
1832 564 1877 598 ab
1902 566 1974 605 iis,-
1997 566 2060 608 qui
2083 574 2129 600 ex

344 627 488 659 Minicio
526 627 731 667 repeterent
754 625 811 657 vel
844 627 941 658 certe
973 633 1042 656 non
1078 624 1254 657 vidissent
1288 623 1513 665 (Bitschelio‚
1549 622 1747 663 Fabrettio,
1782 622 1971 664 Fiorellio),
2004 631 2133 657 verum
2189 618 2202 650 ’ψ
2239 645 2241 648 v

342 684 452 716 etiam
468 682 514 715 ab
532 683 587 722 iiS,
617 682 678 723 qui
703 682 799 724 ipsas
823 683 989 721 tractare,
1017 682 1235 720 examinare,
1265 689 1349 713 cum
1367 680 1521 713 sinceris
1538 679 1652 712 musei
1677 679 1900 712 Kircheriani
1917 687 2128 722 comparare
2186 695 2202 706 =

343 741 501 782 possent,
528 740 552 772 i.
573 748 605 771 e.
626 739 818 771 Garruocio
844 740 880 771 et
904 738 1092 780 Ruggiero.
2184 735 2191 743 ‘

433 797 547 838 Atque
564 796 594 828 is
612 795 760 838 quidem
776 804 878 828 error
893 795 979 828 huic
996 795 1196 828 studiorum
1214 794 1336 836 generi
1353 802 1537 826 summum
1561 793 1820 826 detrimentum
1837 793 1968 834 intulit,
1994 793 2127 836 quippe

344 862 415 895 quo
440 854 635 896 praecipue
668 852 834 885 effectum
859 853 917 893 sit,
951 853 991 884 ut
1016 843 1315 884 Vincenz‘inianae
1344 850 1511 891 fraudes,
1542 850 1700 892 primum
1734 850 1769 882 in
1802 857 1928 882 musea
1960 857 2039 883 sese
2072 850 2130 883 in·

341 911 543 949 sinuantes,
582 919 665 943 mox
689 911 725 942 in
751 908 973 942 editionibus
997 917 1141 951 quoque
1165 908 1404 955 genuinarum
1433 909 1621 949 receptae,
1656 907 1729 939 tam
1753 905 1818 938 diu
1841 907 1895 939 tot
1918 905 2128 940 hominibus

344 966 460 999 doctis
486 967 670 1008 imponere
695 967 854 1008 possent.
905 965 1085 998 Falsarius
1117 965 1214 997 enim
1244 973 1327 997 cum
1358 964 1487 1006 primis
1518 963 1623 996 annis
1655 963 1908 1005 inscriptiones
1937 972 1958 996 a
1983 962 2127 997 Minicio
2189 963 2203 991 ὲ

341 1023 465 1065 editas}
489 1022 561 1056 fere
587 1023 680 1056 solas
713 1023 750 1055 in
775 1023 852 1056 suis
876 1021 1067 1064 glandibus
1093 1022 1290 1064 repeteret,
1317 1021 1621 1054 Vincenzinianae
1645 1019 1692 1052 oh
1718 1028 1798 1052 eam
1823 1021 1939 1063 ipsam
1965 1028 2124 1066 causam,
2188 1027 2191 1029 “

342 1080 440 1121 quod
473 1081 687 1112 Minicianae
717 1079 826 1121 vulgo
860 1080 1026 1121 receptae
1057 1080 1094 1111 et
1123 1077 1294 1120 probatae
1332 1079 1464 1117 essent,
1503 1077 1681 1119 genuinae
1717 1085 1796 1110 esse
1821 1076 2128 1111 existimabantur.

341 1136 497 1169 Vlterius
521 1136 611 1169 adeo
641 1144 855 1178 progressus
879 1136 1071 1177 Bergkius,
1107 1135 1196 1168 dum
1219 1134 1522 1168 Vincenzinianas
1546 1134 1765 1175 Desjardinii
1789 1133 1939 1176 quidem
1968 1127 2126 1175 damnat,

341 1195 377 1225 at
408 1201 493 1235 suas
527 1201 597 1225 non
631 1194 752 1225 minus
782 1192 1083 1225 Vincenzinianas
1119 1192 1244 1224 censet
1276 1199 1355 1224 esse
1391 1192 1574 1232 sinceras,
1611 1189 1908 1233 Mommsenum2)
1949 1191 2125 1233 quasdam
2199 1195 2200 1198 ’

341 1249 490 1290 glandes
513 1258 703 1292 perperam
728 1250 764 1280 in
790 1249 1034 1291 suspicionem
1059 1257 1210 1281 vocasse
1236 1248 1422 1281 contendit
1446 1248 1625 1281 eiusmodi
1657 1256 1847 1280 censuram
1871 1256 1944 1280 non
1972 1248 2052 1284 sine
2074 1249 2128 1282 ira

339 1306 548 1347 vituperans
586 1305 728 1347 (annall.
756 1305 868 1338 Rhen.
894 1308 956 1346 55,
988 1308 1093 1345 4875,
1127 1315 1162 1348 p.
1188 1308 1208 1337 2
1234 1313 1312 1347 sqq.
1338 1319 1380 1333 =
1407 1305 1770 1347 Schleudorqeschosse
1796 1307 1883 1338 4876
1908 1314 1942 1347 p.
1961 1306 2003 1339 ⁴2
2020 1306 2127 1348 sqq.);

340 1363 376 1394 in
409 1371 480 1404 qua
513 1371 552 1395 re
586 1364 725 1404 egregie
752 1363 942 1404 Bergkium
975 1363 1123 1404 quidem
1155 1361 1286 1395 falsum
1319 1370 1399 1395 esse
1433 1372 1477 1395 ex
1508 1363 1570 1402 iis,
1605 1371 1699 1404 quae
1732 1371 1841 1405 supra
1865 1361 2123 1404 demonstravi,
2165 1369 2176 1379 ·
2234 1388 2236 1395 .

340 1420 508 1462 apparet;
545 1428 629 1452 nam
662 1421 801 1452 tantum
833 1419 953 1459 abest,
990 1422 1029 1452 ut
1060 1420 1171 1452 nimia
1203 1419 1309 1452 fuerit
1337 1420 1551 1452 Mommseni
1585 1427 1759 1460 censura,
1795 1420 1836 1452 ut
1866 1419 1976 1452 etiam
2006 1418 2130 1462 plures

341 1476 563 1509 damnandas
600 1485 679 1509 esse
710 1477 894 1518 totamque
925 1477 1021 1509 hanc
1051 1478 1184 1509 seriem
1221 1475 1365 1509 falsario
1399 1476 1525 1509 deberi
1562 1478 1635 1508 iam
1672 1477 1826 1509 constet.
1884 1475 1972 1508 Inde
1995 1477 2130 1509 ‘autem
2184 1491 2205 1530 33

339 1533 515 1574 sequitur,
543 1542 635 1575 quae
660 1541 718 1566 res
743 1534 891 1566 maximi
916 1535 971 1566 est
995 1534 1190 1574 momenti,
1217 1535 1258 1566 ut
1282 1542 1407 1566 omnes
1431 1533 1516 1566 illae
1540 1532 1708 1575 glandes,
1745 1532 1879 1575 quibus
1903 1532 2049 1566 eaedem
2073 1533 2132 1565 in·
2184 1534 2200 1557 s·
2237 1526 2239 1537 ⁸

339 1590 554 1631 scriptiones
587 1591 640 1623 tot
670 1589 938 1632 exemplaribus
970 1590 1202 1629 exhibentur,
1238 1598 1309 1623 non
1341 1591 1483 1632 possint
1513 1590 1714 1623 Minicianis
1742 1589 1853 1642 {idem
1878 1584 2039 1622 asserere
2065 1589 2129 1624 sed
2197 1581 2211 1615 3³
2237 1580 2239 1591 ⁴

339 1646 439 1688 ipsae
466 1647 538 1678 sint
562 1645 700 1679 fraudis
726 1647 1037 1681 condemnandae.

431 1703 470 1734 In
495 1702 607 1735 altero
632 1711 762 1744 genere
784 1702 990 1744 (20*—64*)
1011 1704 1150 1737 litterae
1176 1703 1376 1745 singulares
1401 1712 1511 1736 sensu
1535 1704 1682 1736 omnino
1706 1711 1828 1737 cassae
1851 1711 1917 1745 per
1933 1703 2131 1736 ludibrium
2194 1687 2202 1713 ζ
2236 1703 2240 1741 ξ

340 1760 560 1801 compositae
594 1760 690 1793 sunt.
748 1760 888 1793 Partem
926 1758 1132 1801 (ΞΜ-ΒΜ)
1166 1761 1243 1803 ipse
1276 1761 1496 1793 examinavi:
1535 1769 1598 1793 eae
1631 1759 1756 1793 fraude
1789 1762 1862 1793 tam
1893 1768 2016 1793 crassa
2047 1761 2132 1793 sunt
2197 1767 2209 1795 ἢ
2236 1756 2239 1774 ‘¹

339 1815 470 1856 iactae,
508 1818 546 1849 ut
573 1817 631 1849 vix
666 1825 885 1858 quemquam
911 1818 966 1850 vel
999 1817 1225 1860 aliquantum
1255 1818 1411 1859 peritum
1445 1816 1567 1850 fallere
1601 1817 1757 1859 possint;
1793 1816 1958 1850 falsarius
1988 1815 2130 1859 plumbi
2163 1845 2168 1847 ,
2199 1837 2203 1840 -

338 1871 614 1915 litterarumque
647 1872 780 1906 formas
814 1874 977 1916 antiquas
1010 1875 1142 1907 imitari
1167 1883 1211 1906 ne
1237 1874 1423 1916 temptavit
1453 1874 1616 1915 quidem;
1653 1873 1778 1916 robigo
1802 1874 1896 1907 inest
1920 1872 1993 1906 fere
2017 1872 2127 1915 nulla,

338 1938 409 1961 una
449 1927 536 1971 (27³⁶)
568 1929 659 1962 adeo
689 1930 809 1963 resina
841 1930 1033 1972 subnigra,
1070 1939 1161 1973 quae
1199 1931 1296 1963 lacca
1329 1939 1424 1963 nunc
1455 1932 1626 1971 vocatur,
1661 1940 1705 1964 ex
1736 1932 1836 1973 parte
1871 1929 2026 1963 obducta
2063 1931 2129 1963 est.

337 1986 378 2019 N.
398 1983 476 2020 20³⁶.
505 1985 583 2019 24³⁶.
607 1984 685 2018 23*.
715 1986 793 2019 27*.
823 1986 890 2019 28*
906 1997 1001 2020 anno
1021 1989 1107 2020 4846
1126 1988 1163 2020 in
1179 1996 1306 2020 museo
1324 1987 1557 2025 Kircheriano
1576 1987 1668 2020 vidit
1682 1987 1861 2028 MiniciuS,
1889 1986 2131 2029 videnturque

337 2043 460 2085 paullo
493 2044 597 2075 antea
629 2052 671 2076 eo
705 2044 925 2085 pervenisse.
984 2045 1137 2087 Originis
1168 2045 1368 2077 Asculanae
1400 2052 1479 2077 esse
1512 2053 1549 2076 n.
1570 2042 1649 2076 20*.
1677 2042 1755 2076 24*.
1792 2041 1870 2076 23*.
1897 2042 1965 2076 27*
1996 2043 2130 2077 diserte
2195 2034 2202 2043 ³

339 2100 450 2132 tradit
474 2100 651 2132 Minicius.
703 2101 953 2142 Suspicionem
980 2102 1056 2143 ipse
1081 2102 1126 2134 de
1151 2102 1250 2135 nulla
1276 2100 1458 2143 professus
1484 2102 1557 2140 est;
1593 2102 1794 2143 Ruggierus
1821 2101 1916 2134 inter
1946 2103 2132 2144 suspectas

338 2154 496 2199 rettulitJ‚
537 2157 755 2190 Garruccius
783 2158 932 2199 glandes
961 2167 997 2191 n.
1027 2157 1104 2191 20*.
1133 2156 1212 2190 ΞΗ.
1249 2155 1328 2191 27*.
1365 2156 1461 2190 28a*
1494 2157 1665 2199 (itemque
1690 2167 1724 2190 n.
1754 2156 1832 2190 3l*.
1861 2155 1938 2199 32*)
1976 2166 2015 2191 se
2047 2166 2129 2191 eum

341 2208 565 2246 Marchio‘in
582 2212 681 2246 falsis
706 2211 930 2255 relegavisse’
959 2216 1111 2248 testatur
1135 2215 1277 2257 Sylloge
1302 2223 1335 2256 p.
1355 2216 1433 2246 346.
1456 2231 1497 2238 —
1523 2214 1669 2247 Ceteras
1689 2215 1736 2256 (n.
1758 2212 1824 2246 3⁴*
1842 2207 1954 2256 sqq.),'
1979 2213 2133 2258 quarum

339 2270 516 2311 plurimae
549 2268 651 2303 erant
684 2271 720 2302 in
746 2279 870 2304 museo
896 2271 1098 2313 Campanae
1129 2270 1206 2312 (33*
1230 2271 1492 2313 sqq.),*plane
1529 2270 1693 2303 eiusdem
1728 2271 1870 2313 generis
1905 2279 1984 2304 esse
2013 2271 2133 2305 mani-

340 2325 470 2358 festum
506 2329 577 2366 est,
618 2329 789 2369 recteque
826 2328 897 2359 iam
931 2328 1194 2361 damnaverunt
1225 2328 1472 2360 Mommsenus
1496 2325 1565 2360 vol.
1587 2328 1602 2359 I
1626 2334 1661 2370 p.
1683 2329 1748 2360 560
1775 2330 1811 2361 et
1840 2328 1912 2370 (qui
1946 2328 2010 2361 has
2034 2323 2132 2361 haud
2184 2308 2211 2340 ,ss

339 2382 449 2414 dubie
482 2382 667 2425 significat)
706 2384 922 2426 Longperier
958 2384 1052 2425 (vide
1077 2384 1124 2417 ad
1149 2393 1184 2417 n.
1210 2387 1267 2425 29,
1295 2384 1342 2425 2).
1372 2402 1419 2407 —
1444 2384 1507 2416 His
1537 2383 1707 2417 subiunxi
1736 2386 1810 2418 tres
1844 2383 1992 2426 glandes
2022 2380 2138 2417 variis

340 2439 457 2470 modis
491 2439 526 2471 et
549 2442 629 2472 ante
656 2441 934 2473 Vincenzinium
958 2440 1129 2473 confictas
1156 2438 1247 2482 (62*.
1278 2443 1320 2472 62
1332 2439 1386 2473 a*.
1412 2438 1503 2482 63*).
2001 2440 2004 2443 ⁴

431 2495 590 2527 Tertium
624 2505 736 2537 genus
769 2499 824 2529 est
856 2497 1039 2538 glandium
1064 2506 1207 2537 earum,
1245 2506 1338 2539 quae
1373 2498 1471 2540 ipsae
1496 2497 1644 2539 quidem
1669 2498 1838 2539 antiquae
1868 2494 1953 2530 sun't
1981 2497 2044 2530 sed
2075 2498 2133 2529 in·
2196 2525 2214 2544 4

342 2552 556 2593 scriptiones
586 2561 607 2585 a
633 2551 775 2585 falsario
799 2553 976 2586 Asculano
1009 2554 1134 2595 ligneis
1167 2553 1291 2586 formis
1323 2562 1475 2587 excusas
1507 2554 1680 2587 exhibent
1703 2553 1907 2596 quibusque
1932 2555 1986 2587 tot
2010 2563 2131 2587 musea

342 2610 416 2639 tam
441 2608 587 2650 publica
613 2618 720 2650 quam
746 2611 885 2651 privata
910 2609 1038 2643 referta
1065 2612 1158 2643 sunt.
1202 2610 1275 2643 Eae
1299 2611 1444 2652 prodire
1470 2612 1668 2653 coeperunt
1692 2610 1776 2643 inde
1800 2610 1846 2642 ab
1871 2619 1965 2644 anno
1989 2611 2134 2644 circiter

342 2666 428 2696 4860
459 2666 553 2707 (vide
578 2675 614 2700 n.
637 2664 714 2706 66*,
732 2668 779 2708 3).
815 2666 860 2698 Et
876 2666 921 2699 ab
940 2667 1040 2699 initio
1058 2667 1203 2709 quidem
1230 2666 1394 2699 falsarius
1411 2668 1562 2709 eiusque
1590 2667 1679 2699 socii
1696 2667 1900 2701 venditores
1924 2667 2133 2705 cautissime

341 2721 511 2762 agebant:
538 2731 609 2754 non
635 2723 732 2755 enim
757 2723 979 2756 recudebant
995 2724 1065 2756 nisi
1083 2724 1335 2766 inscriptiones
1353 2724 1425 2755 iam
1442 2723 1600 2764 aliunde,
1620 2724 1776 2756 maxime
1793 2732 1838 2756 ex
1854 2724 1986 2756 Minicii
2011 2723 2133 2757 libello

342 2779 457 2817 notas,
478 2787 609 2821 easque
626 2780 751 2821 paucis
769 2779 1037 2822 exemplaribus
1054 2789 1270 2822 summoque
1288 2780 1439 2813 artificio
1457 2780 1559 2814 factis
1577 2780 1799 2823 repetebant.
1826 2781 1902 2820 Quo
1916 2779 2051 2814 factum
2064 2783 2128 2822 est,

341 2835 380 2866 ut
405 2835 577 2876 genuinas
594 2837 762 2878 putarent
778 2826 1032 2878 inscriptiones
1049 2837 1182 2877 cuncti,
1202 2837 1310 2869 etiam
1336 2838 1361 2869 ii
1379 2837 1544 2870 homines
1564 2837 1780 2878 guar-issimi,
1808 2837 1940 2879 quibus
1957 2837 2130 2878 genuinas

343 2890 505 2923 conferre
532 2892 680 2924 cottidie
705 2893 741 2924 in
767 2894 935 2935 promptu
960 2895 1054 2927 erat:
1082 2895 1224 2936 praeter
1246 2894 1483 2927 Garruccium
1507 2895 1616 2927 etiam
1631 2895 1783 2927 Vischer
1806 2894 1854 2935 (n.
1871 2891 1965 2935 67*),
1994 2894 2131 2927 Fiorelli

347 2947 393 2987 (n.
413 2947 506 2989 68*)‚
522 2949 656 2981 Strozzi
673 2950 834 2982 marchio
858 2950 949 2991 (post
965 2960 1001 2983 n.
1015 2949 1109 2992 90*),
1128 2950 1359 2993 Longperier,
1380 2951 1418 2983 L.
1438 2950 1588 2983 Mueller
1604 2951 1819 2985 Havniensis
1839 2949 1896 2992 (cf.
1916 2951 2127 2990 Mommsen,

343 3004 393 3035 Im
409 3013 520 3038 neuen
538 3005 638 3038 Reich
661 3008 746 3038 4876
764 3007 796 3038 11
813 3015 848 3049 p.
872 3007 964 3047 447).
1007 3007 1100 3040 Nam
1119 3008 1329 3041 Minicianae
1346 3007 1440 3045 illae,
1462 3016 1552 3049 quas
1569 3009 1709 3050 spurias
1732 3007 1789 3040 vel
1806 3006 1900 3040 male
1917 3007 2028 3041 lectas
2052 3015 2131 3040 esse

435 3174 466 3216 4)
493 3176 740 3209 Mommsenus
757 3175 861 3219 Corp.
876 3178 890 3209 I
908 3186 942 3219 p.
961 3180 1024 3210 489
1052 3180 1089 3210 in
1115 3178 1339 3220 praefatione
1363 3177 1556 3219 glandibus
1580 3177 1771 3211 Asculanis
1794 3177 1995 3220 praemissa
2015 3171 2128 3220 ‘Mihi,

342 3233 478 3274 inquit,
514 3233 576 3273 qui
608 3234 737 3266 harum
770 3234 908 3267 nullam
932 3235 1084 3268 viderim
1120 3234 1208 3267 nihil
1243 3234 1318 3268 fere
1349 3235 1514 3268 relictum
1543 3234 1614 3268 fuit
1637 3235 1707 3267 nisi
1733 3234 1924 3268 molestum
1947 3234 2130 3275 negotium

342 3288 581 3322 dubitationis
606 3287 836 3332 profitendae'
847 3316 855 3324 .

434 3348 465 3388 2)
494 3347 678 3388 Borghesii
696 3348 889 3390 epistulam
906 3348 1005 3380 illam
1024 3349 1108 3380 anni
1126 3350 1226 3387 4836,
1255 3348 1389 3381 editam
1406 3357 1500 3381 anno
1520 3350 1619 3388 4872,
1647 3348 1820 3389 Bergkius
1837 3356 1920 3380 cum
1939 3356 2012 3380 non
2028 3355 2131 3380 eom-
2197 3340 2216 3378 J

343 3405 530 3444 memoret,
557 3404 702 3437 videtur
727 3407 923 3446 ignorasse.
