2242 3776
339 300 402 347 38
972 303 1178 336 GLANDES
1203 303 1476 336 ASGVLANAE

396 441 483 474 ante
512 445 538 471 D
570 434 768 482 plumbum
801 433 981 477 dissiluit;
1029 442 1130 478 pone
1161 440 1186 466 R
1215 431 1367 467 videtur
1396 439 1425 466 0
1467 430 1590 466 minor
1619 429 1758 471 fuisse;
1802 429 1977 475 sequitur
2006 427 2116 465 locus

396 505 543 548 laesus,
590 505 675 547 post
712 511 827 546 quem
866 500 1014 536 litterae
1052 508 1072 534 Ε
1113 499 1271 544 vestigia
1312 509 1389 535 non
1427 507 1585 544 prorsus
1624 501 1729 533 certa
1767 499 1967 542 apparent,
2001 514 2059 521 —
2091 499 2112 534 3
2178 541 2188 549 f

396 579 506 607 ΜΑιο
543 565 677 618 (prima
707 579 810 604 nunc
839 568 974 603 litteris
1003 576 1045 602 Nl
1076 566 1235 603 similior
1264 570 1321 602 est
1351 576 1466 612 quam
1497 560 1560 614 Μ).
1592 584 1647 589 -
1680 566 1700 600 4
1733 565 1773 600 in
1802 564 1986 610 reliquias
2015 563 2118 602 hene

397 637 560 684 quadrat
597 646 755 681 TAMEN,
806 636 895 672 licet
934 635 1099 680 spatium
1138 633 1307 670 medium
1346 634 1475 680 paullo
1516 634 1637 669 maius
1679 632 1741 668 sit.
1789 651 1847 657 —
1895 634 1916 668 5
1955 640 2119 670 Evomzs

398 707 550 743 omnino
582 705 726 741 clarum
765 706 823 739 est
860 706 897 739 et
918 706 1077 739 certum.
1113 721 1168 726 —-
1202 705 1222 738 6
1255 701 1473 737 ultimarum
1511 700 1697 746 reliquiae
1733 702 1810 735 tam
1851 710 1890 735 ιΑ
1916 709 2033 746 quam
2063 709 2117 737 ΕΜ

397 773 621 809 admissunt.
669 790 718 796 —
751 771 853 807 Haec
883 770 1121 816 Purgoldius.
1182 768 1348 813 Quibus,
1394 772 1437 804 ut
1475 769 1548 804 hoc
1578 767 1734 808 addam,
1771 767 1884 804 lectio
1921 768 1984 804 vel
2021 778 2118 806 con-

396 843 540 877 iectura
583 851 604 875 a
642 849 702 874 me
739 849 815 875 non
855 840 937 874 sine
976 837 1216 874 dubitatione
1258 837 1453 883 proposita
1498 838 1510 871 1
1552 831 1726 884 maurum
1766 839 1802 871 et
1844 839 1864 874 2
1898 846 2026 882 vores,
2076 839 2120 873 ut

396 918 539 945 novum
569 905 842 943 adminiculum
871 915 948 942 non
968 905 1170 950 acquisivit
1193 906 1243 940 ita
1271 914 1348 941 non
1375 903 1604 940 excluditur.
1654 903 1749 938 Nam
1786 905 1798 939 1
1837 912 1862 938 τ
1893 903 1976 940 fieri
2006 903 2118 941 facile

395 977 540 1023 potuit,
584 978 627 1011 ut
667 974 824 1010 fusionis
863 972 1016 1009 defectu
1057 973 1319 1016 omitteretur,
1365 975 1402 1008 et
1434 975 1454 1009 2
1487 971 1636 1007 litterae
1668 980 1718 1015 ο,
1755 981 1797 1007 Ε.
1833 980 1852 1007 5
1891 982 1968 1018 quo
2005 974 2119 1019 pacto

397 1043 554 1090 plumbo
597 1043 700 1078 laeso
740 1042 779 1076 in
818 1041 975 1076 aliarum
1017 1041 1186 1084 speciem
1227 1039 1520 1075 transformatae
1562 1040 1636 1075 sint
1678 1039 1738 1074 vel
1781 1049 1866 1075 esse
1905 1040 2115 1086 potuerint,

395 1113 519 1157 imago
549 1112 630 1155 ipsa
662 1109 787 1145 docet.

454 1201 508 1236 De
536 1210 694 1235 aversae
723 1198 879 1244 quidem
908 1199 1025 1242 partis
1064 1198 1228 1233 lectione
1259 1200 1406 1233 constat
1442 1207 1488 1232 ex
1519 1207 1558 1234 n.
1581 1200 1652 1242 28,
1698 1197 1768 1233 sed
1804 1197 1897 1244 quid
1926 1199 1967 1234 in
1995 1198 2120 1236 antica

338 1269 451 1304 lateat
480 1267 593 1314 plane
622 1268 811 1302 incertum
850 1269 919 1301 est.
983 1265 1073 1301 Mihi
1111 1266 1149 1300 in
1184 1268 1352 1300 mentem
1393 1266 1496 1300 venit
1534 1265 1631 1301 haec
1668 1266 1952 1312 interpretatio,
2002 1260 2142 1313 quam'

337 1340 464 1372 tamen
508 1335 618 1371 facile
658 1335 780 1380 patiar
828 1334 977 1370 meliori
1026 1333 1185 1369 cedere:
1242 1328 1426 1382 [t]aurum
1469 1328 1615 1382 vo[re]s
1657 1334 1760 1371 malo
1806 1339 1932 1370 tamen
1975 1345 2121 1372 evomes

338 1399 496 1447 omnem,
533 1402 600 1439 ubi
629 1405 761 1438 taurus
792 1401 1024 1448 significaret
1053 1401 1219 1445 Italiam,
1255 1403 1355 1437 sicut
1384 1401 1424 1436 in
1462 1402 1652 1438 sociorum
1691 1412 1848 1439 nummo
1887 1411 2120 1448 repraesen—

338 1475 457 1507 tatum
499 1470 672 1506 videmus
701 1473 874 1514 taurum,
920 1470 986 1514 qui
1022 1469 1152 1515 lupam
1194 1465 1232 1518 (i.
1259 1479 1294 1504 e.
1321 1466 1490 1515 Romam)
1527 1469 1634 1519 humi
1663 1474 1893 1516 prostratam
1923 1470 2121 1508 cornubus

340 1539 426 1575 ferit
471 1532 695 1587 (Mommsen
729 1539 962 1575 Mimzwesen
1006 1540 1110 1574 1860
1151 1548 1189 1583 p.
1219 1532 1333 1585 589).
1397 1536 1473 1573 Sed
1511 1538 1614 1574 malo
1652 1548 1730 1574 non
1758 1538 1872 1575 video
1902 1540 1970 1586 qui
2001 1540 2121 1585 possit

336 1608 427 1643 satis
467 1610 556 1652 apte
594 1606 798 1651 explicari,
846 1608 927 1641 sive
965 1606 1229 1652 interpretaris
1264 1606 1365 1642 malo
1396 1607 1478 1642 sive
1509 1603 1634 1650 mdl03
1686 1616 1788 1650 nam,
1823 1607 1855 1642 si
1885 1607 2008 1654 malo,
2057 1598 2121 1644 res

340 1678 556 1719 comparata
598 1684 698 1720 quae
736 1684 821 1709 esse
858 1674 977 1720 possit
1007 1684 1083 1710 non
1122 1673 1235 1710 video
1272 1670 1571 1722 (desideraretur
1610 1675 1737 1720 potius
1774 1674 1870 1711 nihil
1899 1686 2029 1712 moror
2057 1675 2122 1712 vel

337 1743 461 1778 simile
483 1741 588 1788 quid,
625 1742 684 1777 sin
703 1738 822 1789 mdlo,
846 1742 909 1778 vix
938 1743 1132 1787 acquiesci
1162 1744 1288 1788 potest
1317 1743 1356 1777 in
1386 1740 1544 1778 talibus:
1587 1742 1753 1778 Taurum
1782 1753 1897 1779 vores
1926 1743 2026 1781 malo
2054 1747 2121 1782 tuo

344 1808 415 1859 (vel
446 1806 672 1859 communi),
708 1810 821 1855 lupa3
867 1810 980 1845 etiam
1011 1809 1042 1845 si
1061 1810 1273 1854 voraveris,
1300 1813 1428 1846 tamen
1456 1820 1611 1846 evomes
1640 1821 1808 1847 omnem.
1831 1830 1889 1836 —
1908 1810 1968 1848 An
1986 1811 2122 1859 Legen-

339 1878 430 1914 dum
452 1886 573 1913 MADO
595 1879 621 1913 i.
644 1887 679 1912 e.
704 1872 894 1926 ma(n)do‚
922 1876 1048 1912 edax?
1097 1877 1150 1913 Cf.
1178 1877 1291 1923 Corp.
1312 1877 1388 1914 vol.
1404 1878 1440 1913 X
1465 1880 1571 1916 3824
1604 1874 1781 1928 ma(n)do
1810 1873 1844 1926 (a
1864 1875 2115 1932 mandando).

451 1945 669 1990 Exemplari
699 1943 890 1981 Asculano
921 1943 1065 1981 abusus
1086 1946 1357 1982 Vincenzinius
1387 1947 1674 1991 inscriptionem
1704 1946 1779 1984 sibi
1809 1947 1954 1984 effinxit
1984 1951 2022 1986 et
2051 1959 2122 1985 ex-

339 2014 444 2050 cudit
485 2013 607 2049 hanc:
673 2018 752 2049 taer
803 2007 881 2062 (aut
926 2008 1041 2062 tason)
1074 2006 1079 2063 Ι
1112 2008 1308 2062 vetomes'
1347 2025 1471 2050 ..er..
1526 2009 1748 2064 (novissime
1792 2011 1957 2066 hernia).
2035 2016 2120 2070 Ipse

339 2081 545 2119 Gabriellio
575 2083 615 2116 in
645 2091 778 2117 museo
810 2081 902 2116 dixit
931 2081 985 2116 sic
1014 2085 1175 2117 vetomes
1204 2081 1279 2117 sibi
1308 2081 1432 2118 videri
1461 2081 1669 2128 legendum
1700 2093 1808 2127 esse;
1844 2084 1893 2120 cs.
1918 2084 2048 2121 falsas.

336 2211 394 2255 30
419 2213 487 2265 [=
508 2217 621 2261 Corp.
649 2217 702 2251 IX
732 2227 772 2251 n.
801 2219 923 2260 6086,
949 2213 1038 2265 xxx]
1097 2220 1108 2253 1
1138 2228 1221 2263 rep.
1248 2218 1287 2253 in
1309 2217 1521 2254 Castellano
1558 2215 1610 2266 [in
1640 2194 1776 2256 museo
1796 2217 1987 2256 Asculano
2013 2192 2111 2258 1871

453 2295 492 2320 n.
522 2280 663 2332 1307].
727 2284 871 2320 Pendet
904 2288 952 2321 60
986 2295 1042 2331 gr.

399 2356 418 2389 2
444 2356 481 2388 et
505 2355 524 2388 3
552 2348 616 2400 [ab
638 2352 856 2388 Lazzarinio
877 2353 1081 2398 acquisivit
1101 2364 1137 2388 a.
1158 2356 1261 2391 1872
1286 2363 1463 2389 museum
1478 2352 1712 2390 Asculanum
1733 2364 1771 2389 n.
1794 2356 1898 2392 1459
1917 2359 1956 2392 et
1975 2332 2139 2408 ⁴457].2-
2189 2339 2238 2364 κ’]

453 2420 623 2455 Pendent
656 2423 703 2456 62
737 2430 813 2465 gr„
852 2422 900 2456 64
934 2430 991 2465 gr.

402 2490 421 2524 4
454 2488 492 2522 in
524 2486 736 2523 Castellano
766 2498 849 2532 rep.
891 2483 943 2535 [in
972 2498 1105 2527 museo
1135 2487 1326 2525 Asculano
1363 2491 1461 2525 1871
1501 2499 1540 2524 n.
1570 2486 1710 2539 ⁴132}
1774 2490 1918 2527 Pendet
1949 2494 1998 2528 60
2030 2501 2089 2537 gr.

399 2558 420 2591 5
458 2550 511 2603 [in
541 2565 674 2590 museo
705 2553 894 2590 Asculano
931 2558 1034 2592 1868
1067 2566 1105 2591 n.
1145 2552 1258 2604 676].
1323 2557 1466 2593 Pendet
1500 2559 1551 2594 57
1583 2568 1641 2604 gr.

399 2626 419 2659 6
452 2633 536 2668 rep.
561 2623 600 2658 in
630 2622 840 2659 Castellano
876 2619 929 2671 [in
958 2634 1092 2660 museo
1123 2623 1313 2660 Asculano
1350 2627 1454 2662 1870
1487 2635 1525 2661 n.
1554 2621 1670 2674 895].
1731 2626 1876 2664 Pendet
1907 2629 1957 2664 56
1990 2638 2048 2675 gr.

399 2693 420 2726 7
458 2686 511 2739 [in
540 2700 674 2726 museo
705 2690 952 2727 Kircheriano
983 2702 1021 2726 n.
1059 2688 1173 2741 253}

400 2761 419 2794 8
459 2753 511 2806 [in
541 2767 676 2794 museo
707 2758 956 2795 Kircheriano
986 2769 1027 2795 n.
1064 2755 1176 2808 252}

400 2828 420 2861 9
456 2820 508 2873 [in
545 2836 678 2862 museo
715 2826 964 2871 Neapolitano
1001 2838 1040 2863 n.
1078 2830 1121 2864 71
1153 2842 1208 2858 =
1232 2823 1346 2876 219].
1409 2829 1554 2865 Pendet
1601 2833 1649 2867 65
1683 2841 1739 2877 gr.
1809 2829 1996 2877 Robigine
2033 2830 2120 2867 alba

454 2892 622 2929 obducta
654 2898 724 2930 est.

373 2963 420 2996 10
458 2956 511 3009 [in
540 2971 674 2998 museo
704 2959 965 3010 Bononiensi].
1029 2959 1179 2999 Pendet
1206 2966 1254 3000 64
1287 2975 1345 3010 gr.

375 3030 413 3063 11
459 3023 511 3076 [in
542 3039 674 3066 museo
705 3029 975 3066 Wiesbadensi
1006 3042 1044 3067 n.
1083 3034 1213 3076 7808,
1250 3036 1376 3078 empta
1406 3043 1442 3068 a.
1474 3035 1577 3071 ⁴872
1611 3033 1659 3070 ab
1690 3026 1881 3080 Iheringio
1908 3034 2120 3080 Mogontia-

455 3097 561 3132 censi
591 3107 679 3133 cum
710 3097 814 3133 falsis
847 3095 921 3134 76*
945 3109 1002 3134 1-4
1034 3103 1071 3135 et
1104 3095 1213 3148 94*].
1277 3100 1460 3144 Robigine
1491 3100 1652 3137 subalba
1685 3101 1837 3138 obtecta
1868 3105 1938 3138 est.

907 3236 1068 3264 optma
1100 3234 1164 3265 aut
1191 3224 1226 3278 (6
1251 3234 1288 3266 et
1311 3225 1347 3279 7)
1386 3239 1558 3267 οΡἙκοιν
