2242 3776
345 298 372 342 2
380 297 408 343 6
981 306 1189 339 GLANDES
1214 307 1269 340 AS
1277 308 1486 341 OVLANAE

343 435 438 471 vidit
468 426 488 470 ὃ
521 429 630 471 δεῖνα
653 434 867 470 Gronovius
894 437 956 471 cui
987 436 1229 481 inscriptum.
1283 436 1448 483 Fugitivi
1476 425 1651 472 Peristis³.
1701 435 1941 482 Quamquam
1973 443 2124 480 vereor,

343 514 391 539 ne
422 504 454 538 is
492 497 534 551 (Ι.
561 502 618 538 Fr.
648 497 879 551 Gronovius)
914 513 991 539 non
1021 504 1144 548 ipsam
1174 503 1366 550 glandem,
1402 503 1471 540 sed
1503 504 1618 548 Lipsii
1647 505 1851 549 imaginem
1880 502 2032 539 viderit.

456 570 578 615 Prope
598 568 782 606 Asculum
802 574 955 617 reperta
976 581 1061 607 esse
1083 571 1257 616 traditur,
1286 582 1455 618 quocum
1475 573 1617 618 optime
1639 572 1818 607 convenit
1839 571 1986 617 glandis
2006 570 2128 606 forma

341 642 384 673 ut
413 636 613 674 Asculanis
643 639 840 685 plerisque
871 639 1022 689 similis,
1067 640 1117 676 ita
1149 651 1170 675 a
1200 640 1393 676 Perusinis
1424 640 1621 685 magisque
1652 640 1765 675 etiam
1797 638 1935 675 Siculis
1966 638 2124 675 distans.

342 707 474 752 Itaque
515 709 621 743 recte
662 706 758 743 haec
798 717 954 753 quoque
995 707 1044 743 ad
1074 709 1268 745 sociorum
1297 707 1444 744 bellum
1483 707 1672 744 referetur
1702 710 1739 743 et
1769 707 1819 743 ita
1856 705 2124 753 explicabitur,

341 778 383 809 ut
419 775 514 811 socii
544 773 710 811 rebelles
739 764 907 811 ‘militari
937 775 1146 812 acerbitate
1177 787 1198 811 a
1220 776 1397 812 Romanis
1427 775 1602 812 dicantur
1622 764 1783 821 fugitivi'
1828 768 2051 823 (Mommsen
2080 773 2128 810 ad

342 842 454 888 Corp.
490 843 505 878 I
535 853 576 878 n.
608 838 700 892 646)
722 870 731 887 ,
775 843 849 878 nisi
882 843 977 879 forte
1006 843 1080 879 hoc
1110 843 1301 880 vocabulo
1331 854 1403 888 per
1442 843 1659 879 convicium
1694 853 1717 879 a
1737 843 1852 879 sociis
1881 843 2129 888 increpantur
2223 860 2236 898 ’Β

341 909 521 954 libertini,
568 911 633 956 qui
664 913 755 947 tunc
785 912 952 957 primum
994 911 1155 947 militare
1196 915 1408 958 coeperunt
1445 906 1538 959 (Liv.
1573 921 1656 956 per.
1691 913 1757 954 74,
1801 909 1966 956 Appian.
2001 909 2016 944 I
2049 911 2121 954 49;
2221 920 2242 977 3

341 977 514 1014 Macrob.
539 977 618 1014 Sat.
644 979 659 1013 Ι
687 982 749 1023 Η,
780 982 854 1016 32:
891 978 985 1015 bello
1007 980 1142 1016 sociali
1162 980 1369 1016 cohortium
1390 980 1584 1016 duodecim
1615 989 1662 1015 eoe
1694 977 1877 1015 libertinis
1895 979 2130 1032 conscripta-

341 1056 424 1081 rum
465 1057 580 1093 opera
618 1047 876 1083 memorabilis
912 1049 1064 1084 virtutis
1100 1049 1296 1095 apparuit;
1342 1048 1392 1084 cf.
1434 1047 1654 1094 Marquardt
1691 1046 2057 1093 staatsverwaltuny
2095 1047 2128 1082 11

340 1124 379 1159 p.
409 1115 451 1149 44
466 1109 500 1163 9)
515 1141 523 1149 .
548 1134 605 1139 -
624 1115 772 1161 Lipsius
803 1125 889 1152 cum
923 1126 1047 1162 eoque
1067 1116 1241 1152 Minicius
1263 1116 1311 1152 ad
1331 1115 1478 1153 bellum
1503 1116 1644 1152 servile
1670 1114 1917 1158 rettulerunt;
1951 1103 2005 1150 ‘at
2024 1115 2128 1150 servi

339 1191 524 1227 umquam
553 1182 593 1218 in
623 1183 760 1219 Picena
789 1182 887 1219 urbe
923 1183 1072 1220 obsessi
1109 1194 1196 1220 esse
1236 1194 1314 1221 non
1356 1174 1572 1220 traduntur²
1614 1178 1802 1234 (Momms.
1834 1182 1861 1218 l.
1886 1177 1950 1232 l.).
2013 1181 2128 1219 Gete-

340 1258 427 1283 rum
457 1249 633 1294 glandem
663 1251 787 1286 musei
827 1250 1065 1286 Kircheriaui
1095 1246 1224 1300 (Corp.
1254 1251 1270 1286 Ι
1310 1262 1350 1287 n.
1366 1250 1477 1300 646)
1514 1251 1738 1298 inscriptam
1776 1251 1875 1287 servi
1911 1244 2129 1300 &em-eust)

340 1318 511 1360 spuriam
553 1328 638 1353 esse
669 1318 838 1354 intellexi
877 1313 980 1367 (vide
1010 1329 1048 1354 n.
1080 1315 1185 1368 ⁴4*);
1236 1329 1353 1364 quam
1393 1321 1460 1366 qui
1497 1319 1691 1363 confinxit,
1739 1322 1894 1356 secutus
1935 1321 1992 1355 est
2028 1318 2127 1355 hanc

339 1383 453 1429 Lipsii
485 1386 853 1430 interpretationem.
895 1406 952 1411 —
980 1387 1105 1422 Tertia
1142 1398 1163 1423 a
1201 1387 1352 1424 Minicio
1393 1387 1440 1423 ad
1477 1386 1649 1434 Spartaci
1686 1387 1832 1424 bellum
1869 1386 1988 1423 relata
2018 1386 2127 1432 glans

347 1447 377 1499 (s
408 1461 428 1486 Ρ
459 1448 492 1501 F)
533 1453 645 1490 valde
675 1458 855 1500 suspecta
886 1459 964 1500 est3
1001 1456 1089 1491 vide
1120 1465 1158 1490 n.
1187 1458 1253 1492 46.

2206 1583 2213 1586 ι

2216 1318 2242 1650 effywk-zsswmnm-„Q
2227 1271 2239 1294 Α,
2237 1250 2240 1253 ,
2235 1211 2238 1214 .
2236 1180 2237 1185 Α
2228 1094 2239 1159 .›‹-1„
2228 978 2242 1046 ,μω-,ΑΛ
2231 951 2236 963 -

344 1603 397 1646 14
423 1607 492 1657 [=
514 1611 627 1657 Corp.
653 1612 707 1648 IX
737 1623 776 1648 n.
805 1616 927 1658 6086,
954 1609 1036 1661 mv]
1091 1617 1245 1659 reperta
1276 1614 1474 1660 Corropoli
1509 1610 1557 1663 [a.
1589 1617 1695 1651 ⁴877
1736 1613 1816 1649 vidi
1854 1612 1985 1650 Asculi
2022 1612 2126 1660 apud

396 1678 662 1715 Venturinium
692 1677 923 1728 aurificem].
986 1681 1171 1727 Robigine
1202 1681 1288 1718 alba
1319 1682 1472 1719 obtecta
1504 1686 1574 1718 est.

340 2170 433 2206 Tab.
460 2170 492 2205 ΙΙ
516 2172 555 2205 6.
617 2169 815 2216 Descripsi
843 2173 886 2205 ut
916 2180 1047 2216 supra.

452 2237 594 2282 Quarta
614 2238 740 2273 littera
762 2242 800 2274 et
819 2249 954 2274 aversa
975 2239 1122 2284 glandis
1143 2250 1233 2285 pars
1254 2239 1334 2275 fere
1356 2242 1434 2275 tota
1454 2240 1553 2276 male
1574 2240 1727 2277 habitae
1748 2245 1851 2279 sunt.
1903 2226 2132 2290 Legendum¹

339 2307 376 2342 C.
415 2300 586 2355 Cadfi'us)
617 2325 669 2331 —
704 2306 750 2341 0.
771 2334 778 2342 .
799 2334 807 2342 .
825 2333 834 2341 .
869 2326 927 2331 —
957 2306 998 2342 In
1028 2308 1277 2352 inscriptione
1307 2308 1421 2354 Corp.
1454 2292 1532 2345 vol.
1556 2309 1609 2344 IX
1639 2319 1677 2345 n.
1713 2312 1818 2346 3050
1852 2311 1933 2357 agri
1963 2311 2124 2349 fortasse
2157 2302 2160 2304 ’
2205 2292 2242 2336 ’ζ’

337 2374 602 2410 Sulmonensis
622 2374 791 2411 habetur
814 2375 853 2412 C.
880 2375 1016 2412 Cadius
1035 2375 1228 2420 Proculus,
1255 2375 1317 2411 alii
1339 2376 1414 2413 duo
1437 2376 1478 2412 C.
1502 2376 1612 2412 Kadii
1631 2377 1747 2424 Corp.
1771 2378 1850 2415 vol.
1874 2378 1911 2414 X
1930 2389 1969 2415 n.
2000 2382 2122 2417 1158.

339 2525 393 2569 15
420 2529 489 2579 [=
510 2532 624 2577 Corp.
649 2533 703 2568 IX
733 2544 771 2569 n.
801 2537 924 2578 6086,
950 2530 1016 2583 xv]
1072 2530 1175 2583 [inde
1207 2535 1255 2571 ab
1288 2546 1323 2570 a.
1354 2538 1458 2571 1868
1491 2536 1531 2570 in
1561 2545 1694 2572 museo
1715 2534 1906 2574 Asculano
1937 2548 1976 2573 n.
2005 2534 2121 2588 677].

393 2599 537 2635 Pendet
570 2603 612 2636 34
643 2610 717 2645 gr„
755 2601 825 2637 sed
856 2602 965 2639 deest
994 2615 1097 2650 pars.
1161 2602 1387 2649 Robiginem
1416 2602 1533 2639 habet
1563 2603 1831 2650 ferrugineam.

334 3057 427 3093 Tab.
453 3059 546 3094 115.
610 3059 807 3104 Descripsi
838 3062 879 3094 ut
910 3068 1041 3104 supra.

449 3126 611 3172 Cogitari
646 3130 771 3172 potest
810 3137 870 3162 ex.
906 3137 962 3172 gr.
1000 3125 1048 3161 de
1078 3126 1211 3162 Marsis
1241 3126 1303 3161 vel
1333 3127 1581 3163 Marrucinis(

336 3278 391 3321 16
416 3280 486 3332 [=
500 3285 616 3332 Corp.
637 3285 691 3320 IX
711 3296 749 3321 n.
775 3288 898 3329 6086,
919 3280 998 3333 Χνι]
1050 3288 1062 3320 i
1092 3294 1218 3330 nuper
1246 3295 1330 3330 rep.
1356 3295 1477 3331 prope
1498 3284 1681 3322 Asculum
1710 3289 1750 3323 in
1780 3286 1936 3325 flumine
1952 3290 2117 3327 Truento

448 3362 539 3389 urs.
602 3353 696 3389 Eam
725 3353 903 3399 glandem
933 3353 1158 3399 frequenter
1186 3352 1225 3388 in
1251 3352 1407 3389 Truenti
1436 3354 1531 3400 ripis
1560 3359 1754 3400 repertam
1784 3366 1871 3392 esse
1901 3357 1952 3393 ait
1982 3367 2112 3395 M1N1c.

447 3432 485 3467 p.
515 3423 609 3465 2⁴6,
645 3425 683 3457 at
713 3426 841 3468 testes,
879 3431 976 3468 quos
1006 3421 1148 3465 laudat,
1184 3420 1287 3457 idem
1316 3421 1390 3458 hoo
1412 3421 1528 3468 Lipsii
1559 3423 1777 3470 exemplum
1806 3427 2084 3470 repetiverunt.
