2210 3788
832 264 1095 297 PRAEFATIO.
1728 273 1869 305 XXVH

257 382 318 423 De
362 381 524 435 origine
570 379 787 434 glandium
830 392 910 419 nec
949 386 1040 421 acta
1078 387 1246 422 exstant
1290 394 1428 435 neque
1474 383 1556 425 alia
1594 384 1751 427 indicia
1789 389 1872 429 nisi

202 450 300 504 duo,
337 461 446 503 quae
478 448 600 490 modo
630 448 769 499 attuli,
805 454 847 488 et
877 460 941 500 ea,
978 461 1087 501 quae
1118 462 1142 489 a
1172 450 1350 491 Marchio
1381 453 1543 504 accepit
1572 453 1782 508 Minicius,
1819 470 1872 497 ex

202 524 324 574 parte
361 524 447 560 tam
487 530 616 571 vaga,
664 522 714 558 ut
753 516 898 570 potius
938 529 992 556 ex
1037 517 1363 570 inscriptionum
1404 528 1654 573 argumento
1685 524 1873 566 coniecta

203 600 298 630 esse
327 587 515 641 suspicio
537 587 607 627 sit.
660 586 720 626 Ne
742 585 968 626 Garruccio
991 585 1164 638 quidem
1186 588 1262 639 qui
1283 600 1363 640 per
1392 589 1547 630 multos
1569 602 1701 632 annos
1722 593 1767 632 in
1799 593 1876 634 hoc

201 669 348 699 museo
378 656 501 709 quasi
530 654 771 707 habitabat,
821 654 901 695 alia
933 654 1214 695 innotuerunt
1242 655 1423 708 indicia,
1465 663 1513 698 ut
1541 665 1658 711 patet
1688 674 1743 700 ex
1783 663 1876 703 eius

203 726 374 781 Sylloge
407 731 449 766 et
479 737 533 765 ex
564 723 659 765 eius
689 735 868 764 censura
899 723 1078 776 catalogi
1109 723 1366 777 Ruggeriani
1398 726 1442 765 in
1476 726 1626 768 Civilta
1655 733 1749 769 catt.
1774 731 1827 770 XI
1853 732 1868 770 4

201 809 246 850 p.
279 794 362 836 453
394 806 514 847 seqq.
556 791 624 847 (cf.
658 794 696 832 X
719 792 771 832 42
802 805 846 845 p.
881 790 964 832 727
995 791 1134 847 seqq.)
1177 792 1305 834 edita.
1384 795 1625 836 Bonannius
1663 795 1712 850 (a.
1751 797 1875 853 4709)

202 877 248 918 p.
287 863 370 905 208
417 861 613 916 glandem
658 873 855 902 museum
895 861 1109 914 accepisse
1155 868 1302 902 narrat
1346 861 1400 902 ab
1444 861 1685 906 Alexandro
1730 867 1878 920 Borgia

204 932 338 975 nobili
368 931 616 982 Velitrensi,
661 932 706 971 in
737 929 881 971 tabula
912 930 1033 971 LXVI
1063 943 1106 970 n.
1137 931 1188 972 42
1228 936 1372 972 autem
1413 931 1520 973 duas
1561 932 1756 987 depinxit
1795 949 1878 976 non

204 1002 445 1056 inscriptas.
506 999 736 1041 Brunatius
782 998 833 1053 (a.
862 998 988 1053 4837)
1038 1011 1122 1039 non
1166 999 1342 1041 exhibet
1380 1001 1462 1041 nisi
1507 1014 1636 1043 unam
1683 1004 1880 1056 glandem

205 1071 452 1130 ibscriptam
484 1082 568 1122 rm,
605 1069 750 1122 itaque
782 1068 974 1122 reliquae
1005 1074 1153 1121 postea
1189 1067 1400 1122 (inprimis
1429 1083 1567 1124 usque
1599 1071 1653 1112 ad
1684 1085 1723 1113 a.
1751 1074 1876 1125 4846,

206 1153 292 1195 quo
321 1139 479 1180 Minicii
519 1137 693 1179 libellus
724 1136 893 1192 prodiit)
940 1136 1144 1178 videntur
1184 1138 1327 1179 illatae
1360 1151 1469 1180 esse.

267 1209 539 1262 singularum
584 1206 769 1248 indicem
815 1212 1061 1247 accuratum
1104 1205 1240 1248 edidit
1278 1208 1535 1262 Ruggierius
1579 1211 1765 1264 catalogo
1806 1225 1881 1252 suo

208 1292 247 1321 a.
275 1276 384 1318 4878
416 1275 555 1329 edito,
590 1276 665 1330 qui
697 1276 740 1316 in
772 1276 825 1316 iis
854 1274 1102 1328 digerendis
1132 1276 1389 1330 plerumque
1420 1279 1666 1319 Mommseni
1698 1279 1883 1321 Garruc-

207 1347 350 1401 ciique
379 1345 590 1387 editiones
620 1349 792 1385 secutus
823 1350 903 1386 est.
966 1344 1086 1385 Sicut
1114 1344 1370 1386 Garruccius
1400 1346 1444 1386 in
1486 1347 1653 1400 Sylloge
1684 1349 1742 1390 ita
1770 1350 1884 1402 Rug-

208 1417 352 1471 gierus
391 1427 588 1468 magnam
618 1419 787 1467 partem
827 1412 1032 1454 falsarum
1063 1425 1159 1453 cum
1190 1426 1388 1454 cusarum
1426 1420 1518 1455 tum
1558 1417 1736 1457 maxime
1768 1424 1886 1459 cete-

208 1498 353 1527 rarum
387 1497 466 1538 pro
501 1482 702 1538 genuinis
736 1482 911 1534 habuit3
947 1482 1036 1523 Cat.
1071 1495 1115 1522 n.
1142 1481 1223 1523 273
1258 1484 1468 1524 immerito
1511 1485 1624 1525 inter
1665 1493 1886 1540 suspectas

213 1554 393 1596 rettulit.
427 1554 523 1607 Ipse
543 1551 612 1594 bis
632 1551 874 1593 examinavi
896 1563 935 1593 a.
958 1550 1068 1592 4877
1092 1557 1133 1592 et
1152 1551 1278 1603 4878;
1306 1559 1470 1606 ectypa,
1498 1565 1606 1606 quae
1628 1554 1883 1609 desideravi,

210 1623 404 1666 facienda
431 1622 599 1664 curavit
628 1621 849 1675 Helbigius
880 1621 1058 1662 amicus.
1123 1622 1372 1675 Nuperrime
1403 1621 1448 1662 in
1479 1636 1624 1664 museo
1655 1626 1887 1667 Basileensi

214 1695 328 1736 inter
346 1691 621 1735 Vischeriana
652 1690 743 1731 vidi
775 1696 928 1744 ectypa
964 1703 1122 1744 gypsea
1155 1690 1374 1744 glandium
1406 1691 1778 1734 Kircherianarum
1811 1695 1890 1734 tri-

213 1764 346 1818 ginta.
379 1785 438 1792 —
466 1761 527 1801 De
558 1760 692 1801 forma
722 1760 885 1800 ahenea
916 1758 1020 1801 falsa
1053 1759 1151 1800 vide
1182 1773 1225 1813 p.
1264 1759 1302 1800 7.

137 1832 173 1888 b)
215 1830 452 1874 Cardinalis
473 1829 623 1870 Altieri
661 1828 699 1882 (4-
723 1827 849 1883 4867)
877 1841 986 1869 anno
1011 1828 1135 1881 4847,
1173 1841 1256 1882 quo
1288 1829 1542 1871 Garruccius
1574 1831 1667 1872 eius
1687 1831 1891 1884 plumbea

215 1899 366 1952 edidit,
400 1897 576 1952 glandes
606 1910 691 1938 non
720 1896 983 1951 possidebat,
1018 1903 1165 1951 postea
1194 1903 1335 1939 tamen
1366 1898 1658 1952 praegrandes
1685 1900 1890 1953 quasdam

215 1969 364 2021 falsas,
415 1965 538 2009 cuius
569 1966 739 2020 generis
770 1966 875 2007 alias
915 1966 1145 2019 acquisivit
1185 1972 1309 2020 pater
1344 1968 1574 2020 MarchiuS,
1630 1969 1890 2022 comparavit

215 2039 308 2093 ipse
340 2050 413 2080 eas
445 2035 602 2078 deinde
633 2036 856 2077 damnans.
919 2037 1065 2076 Postea
1097 2036 1254 2088 legavit
1283 2036 1555 2078 universitati
1584 2038 1792 2078 Romanae
1819 2037 1887 2092 (cs.

216 2107 417 2151 Gal-rucei
458 2105 561 2160 Syll.
596 2118 640 2159 p.
667 2106 748 2146 264
782 2112 826 2146 et
866 2104 1017 2146 Civile&
1046 2110 1141 2146 catt.
1175 2107 1213 2145 X
1245 2106 1267 2145 4
1300 2119 1344 2159 p.
1379 2104 1500 2159 744),
1551 2106 1666 2147 unde
1712 2120 1810 2147 mox
1848 2108 1892 2148 in

218 2189 416 2218 museum
437 2175 757 2216 Kircherianum
789 2174 930 2214 illatae
962 2180 1077 2215 sunt.
1132 2175 1244 2215 Haec
1272 2175 1525 2216 Garruccius
1557 2177 1747 2216 narravit
1777 2176 1894 2217 Hen-

216 2257 335 2286 zen0.
369 2266 429 2273 —
458 2243 730 2297 significatur
760 2241 804 2283 id
835 2255 983 2296 genus,
1020 2241 1135 2295 quod
1165 2241 1282 2283 edidi
1314 2256 1357 2282 n.
1384 2243 1463 2284 20*
1483 2256 1576 2297 sqq.

99 2349 101 2351 .
140 2313 175 2369 c)
221 2315 266 2356 L.
300 2312 530 2367 Depoletti.
591 2310 698 2353 Vide
728 2324 772 2351 n.
810 2313 849 2362 6,
875 2325 925 2352 44.
963 2311 1031 2362 23,
1059 2325 1135 2353 6-7.

95 2430 98 2432 ,
141 2383 180 2439 d)
215 2381 434 2436 Augustus
463 2382 645 2422 Kestner
675 2379 715 2434 (†
749 2379 889 2434 4853).
942 2379 1047 2421 Vide
1078 2393 1121 2434 p.
1147 2381 1275 2420 XXX.

143 2451 176 2508 e)
216 2451 405 2506 Raphael
445 2450 663 2492 Garrucci.
726 2448 831 2490 Vide
870 2462 913 2490 n.
941 2450 981 2502 6,
1008 2464 1058 2491 63.
1104 2450 1144 2501 8,
1170 2464 1200 2490 3.
1241 2450 1320 2489 442
1354 2455 1441 2490 not.
1487 2448 1581 2491 92*.

139 2520 180 2576 f)
217 2520 463 2563 Martinetti.
525 2518 630 2560 Vide
662 2531 706 2560 n.
742 2519 795 2558 86
827 2524 916 2559 not.

142 2589 182 2646 9)
216 2589 390 2631 Merolli.
453 2587 560 2630 Vide
590 2602 636 2628 n.
676 2589 770 2628 86³⁶.

143 2659 183 2715 h)
213 2657 478 2699 Tomassetti.
541 2656 645 2699 Vide
676 2669 720 2697 n.
755 2657 850 2697 84*.

87 2739 345 2786 Velitrae.
422 2738 614 2779 Museum
653 2737 908 2790 Borgianum
955 2735 1066 2789 (vide
1097 2749 1140 2790 p.
1172 2737 1340 2776 XXXIII
1383 2734 1632 2790 CATALOGO).
1709 2738 1897 2778 Fortasse

134 2796 326 2863 *glandes
356 2819 530 2861 quoque
561 2806 604 2846 in
636 2819 835 2847 museum
866 2806 1189 2859 Neapolitanum
1219 2810 1528 2858 pervenerunt.

92 2876 372 2931 Neapolis.

150 2945 191 3002 a)
225 2947 416 2987 Museum
445 2943 668 2998 publicum
699 2957 737 2985 a.
765 2942 875 2984 4877
903 2942 1149 2997 possidebat
1170 2942 1345 2996 glandes
1367 2942 1486 2983 CXV.
1540 2943 1698 2984 Earum
1719 2955 1763 2983 n.
1790 2943 1903 2983 78—

229 3014 310 3055 445
346 3014 627 3068 inscriptione
644 3014 714 3054 vel
737 3014 892 3067 insigni
925 3019 1085 3066 carent,
1120 3013 1242 3052 XLIII
1273 3024 1400 3053 cusae
1423 3010 1641 3065 falsaeque
1663 3018 1765 3053 sunt
1791 3010 1904 3065 (vide

231 3082 469 3138 68*,1-43),
512 3088 712 3135 suspecta
751 3095 837 3124 una
869 3081 921 3122 73
961 3099 1019 3117 =
1045 3081 1177 3136 (apud
1212 3080 1302 3135 nos)
1344 3094 1386 3121 n.
1415 3081 1484 3131 44,
1532 3083 1744 3135 genuinae
1776 3082 1907 3134 igitur

229 3153 459 3206 inscriptae
489 3153 657 3192 XXXIII
688 3152 757 3193 vel
787 3152 969 3205 XXXIV,
1012 3157 1192 3205 excepta
1224 3150 1277 3191 72
1310 3149 1469 3191 Graeca
1510 3151 1552 3190 in
1589 3150 1712 3191 Tursi
1740 3154 1906 3202 reperta

235 3219 459 3276 (ΕΥΗΘΙΔΑ)
495 3234 643 3263 omnes
673 3221 869 3276 Latinae;
921 3234 1067 3262 earum
1098 3221 1250 3261 Asculo
1282 3220 1415 3260 tribui
1449 3221 1487 3259 4.
1525 3220 1549 3258 2
1571 3237 1628 3254 =
1649 3232 1692 3259 n.
1719 3220 1760 3271 4,
1786 3233 1817 3260 9.
1844 3232 1901 3270 103

234 3291 401 3332 43-45
424 3309 482 3326 =
503 3292 543 3343 9,
566 3304 686 3342 15—173
724 3291 909 3332 24-26,
946 3291 1017 3331 28.
1052 3291 1099 3330 34
1124 3307 1179 3326 =
1202 3290 1642 3341 24‚12.11.13.23.14;
1678 3288 1749 3328 34.
1775 3288 1829 3327 36
1852 3305 1908 3323 =

233 3360 305 3410 25,
331 3374 361 3401 1.
387 3374 428 3410 2;
481 3360 534 3400 55
566 3377 624 3394 =
656 3359 723 3413 47,
751 3374 792 3409 13
842 3360 913 3403 58.
958 3359 1143 3400 60-63,
1190 3358 1358 3397 65-69
1390 3375 1446 3391 --
1478 3358 1518 3407 6,
1542 3371 1593 3398 45.
1619 3371 1671 3397 47.
1697 3371 1749 3399 46.
1774 3370 1827 3397 48.
1852 3371 1903 3397 49.

235 3442 357 3481 ιιι-ιη
393 3429 445 3469 70
468 3447 525 3464 =
547 3427 587 3481 7,
614 3441 653 3478 σς
692 3427 738 3468 74
767 3429 914 3481 =30,
942 3442 979 3479 93
1018 3428 1070 3468 75
1093 3446 1150 3462 =
1172 3424 1902 3479 38‚1⁷;76=4⁴,2;77=39;
