2210 3788
352 328 472 360 XVIII
1103 318 1369 354 PRAEFATIO.

354 439 494 481 denda
534 442 598 476 est
634 431 876 490 Ἀρτέμιδος,
928 444 1053 484 quam
1093 444 1283 472 mancam
1321 431 1450 472 fuisse
1490 433 1754 472 coniecerim.
1828 433 1874 472 In
1914 433 1980 473 his
2010 433 2140 486 igitur
2192 451 2194 453 ·

359 509 539 548 Deorum
571 504 739 544 nomina
769 500 968 553 inscripta
1000 505 1119 554 sunt,
1154 513 1249 541 cum
1280 502 1323 539 in
1359 500 1516 540 Latinis
1546 499 1771 552 glandibus
1800 500 1989 541 numinis
2019 512 2141 541 men-

354 576 411 616 tio
448 575 619 613 inventa
659 571 712 610 sit
751 569 868 610 nulla
915 567 979 622 (cf.
1012 567 1065 608 ad
1105 580 1146 608 n.
1182 566 1292 621 43⁸⁶).
1334 591 1391 597 —
1428 568 1618 621 Denique
1664 568 1848 621 insignia
1893 569 1936 608 in
1969 569 2137 610 Graecis

354 654 522 697 quoque
553 638 777 693 glandibus
807 641 1123 689 repraesentata
1144 641 1244 675 sunt
1274 641 1357 676 tam
1379 635 1576 676 adiuncta
1607 636 1882 688 inscriptione
1903 649 2030 689 quam
2051 638 2138 679 sola

352 712 502 765 posita,
529 706 604 748 sed
624 706 781 746 maiore
804 705 1026 755 varietate;
1063 704 1343 744 inveniuntur
1364 704 1477 742 enim
1498 715 1648 755 equus,
1676 703 1923 757 bueranion,
1956 705 2134 758 scorpio,

352 790 550 831 serpens,
592 774 725 825 stella,
771 772 946 824 fulmen,
981 771 1153 822 tridens,
1194 771 1326 822 clava,
1370 771 1511 823 pugio,
1554 771 1806 824 bipennium
1835 771 1951 825 trias,
1994 773 2139 814 hastae

353 847 495 899 cuspis
531 843 640 898 (folio
671 842 853 895 similis),
890 840 1165 892 agricolarum
1196 838 1311 879 furca
1349 836 1471 891 (sicut
1501 838 1545 878 in
1575 852 1746 879 nummo
1776 840 2014 894 Metaponti)
2028 840 2078 895 1).

924 1146 1228 1193 ELENCHVS
1275 1146 1563 1193 LOCORVM.

467 1278 640 1325 Locum,
690 1272 764 1312 ubi
796 1269 970 1324 glandes
1010 1275 1203 1322 repertae
1233 1269 1343 1321 sint,
1392 1268 1569 1309 definire
1601 1270 1772 1310 maximi
1813 1283 1904 1311 esse
1941 1272 2141 1312 momenti

354 1343 624 1386 manifestum
655 1346 740 1393 est,
786 1341 927 1391 itaque
959 1337 1011 1378 de
1043 1338 1121 1378 hac
1152 1350 1198 1377 re
1235 1343 1426 1377 accurate
1466 1338 1670 1389 inquisivi
1701 1343 1743 1378 et
1773 1350 1882 1391 quae
1913 1339 2010 1379 sciri
2041 1351 2143 1392 pos-

352 1414 437 1454 sint
468 1410 678 1451 adnotavi.
749 1409 883 1459 Saepe
922 1412 1064 1446 autem
1103 1406 1391 1446 testimonium
1430 1406 1556 1458 plane
1592 1405 1756 1458 deficit,
1806 1419 1872 1447 ex.
1908 1419 1972 1460 gr.
2007 1408 2142 1448 musei

353 1477 616 1521 Kircheriani
646 1477 745 1517 olim
776 1480 990 1515 curatores
1011 1474 1264 1527 plerumque
1295 1486 1348 1513 ne
1378 1475 1455 1514 hoc
1475 1473 1648 1526 quidem
1670 1473 1992 1527 adnotaverunt,
2026 1474 2140 1517 unde

353 1547 614 1600 accepissent
645 1543 858 1598 glandem.
921 1543 967 1582 In
999 1542 1052 1582 iis
1083 1543 1320 1582 coniectura
1360 1541 1551 1582 facienda
1581 1548 1644 1582 est
1675 1554 1728 1582 ex
1758 1542 2046 1596 inscriptione,
2091 1555 2145 1584 ex

352 1615 516 1670 plumbi
556 1620 628 1655 aut
668 1614 904 1653 litterarum
942 1610 1094 1663 forma,
1143 1609 1329 1662 denique
1371 1623 1424 1650 ex
1461 1611 1721 1662 reliquarum
1767 1610 1961 1651 eiusdem
2005 1612 2142 1653 musei

351 1683 566 1738 glandium
596 1681 774 1734 origine;
822 1693 875 1720 ex
915 1691 979 1731 gr.
1021 1678 1157 1718 musei
1189 1679 1502 1730 Santangeliani
1538 1691 1682 1719 omnes
1711 1677 1961 1730 Asculanas‚
2006 1681 2142 1721 musei

351 1751 543 1793 Perusini
564 1763 651 1791 una
677 1754 854 1801 excepta
875 1759 1020 1787 omnes
1051 1747 1273 1787 Perusinas
1294 1759 1386 1786 6556
1407 1746 1497 1786 veri
1525 1753 1588 1786 est
1608 1747 1885 1787 simillimum.
1909 1770 1968 1777 —
1986 1748 2140 1789 Verum

354 1822 481 1861 etiam
510 1819 585 1860 ubi
616 1817 856 1858 testimonia
877 1821 1057 1866 exstant,
1092 1814 1286 1854 cautione
1308 1827 1413 1866 opus
1436 1821 1498 1854 est
1530 1820 1570 1854 et
1594 1814 1841 1866 videndum,
1875 1828 1929 1856 ne
1951 1816 1987 1856 is
2009 1816 2137 1868 locus,

351 1889 426 1930 ubi
453 1893 593 1940 empta
623 1891 687 1926 est
708 1886 842 1938 glans,
878 1886 970 1936 ipsa
1001 1884 1092 1923 eius
1122 1883 1236 1935 origo
1268 1895 1360 1922 esse
1392 1887 1576 1934 putetur,
1612 1895 1710 1922 nam
1741 1883 1946 1924 eiusmodi
1975 1884 2142 1926 reculae

351 1957 471 1997 facile
502 1957 586 1996 huc
614 1954 714 1994 illuc
743 1957 964 2006 portantur
1000 1950 1066 2004 (cf.
1092 1964 1160 1991 ex.
1185 1963 1247 2003 gr.
1275 1951 1298 1989 6
1320 1965 1380 2001 40,
1415 1950 1460 1990 51
1486 1965 1518 1992 6.
1543 1964 1584 2000 7,
1621 1951 1672 1990 66
1696 1950 1744 2005 5),
1782 1963 1889 1992 neve
1921 1950 2143 1994 fraudibus

350 2024 632 2077 decipiamur,
683 2019 1025 2074 quandoquidem
1074 2030 1157 2059 non
1196 2019 1331 2059 solum
1371 2018 1530 2058 falsarii
1572 2018 1648 2058 sed
1694 2020 1818 2060 etiam
1862 2020 2143 2071 genuinarum

350 2092 615 2143 venditores,
658 2096 707 2131 ut
736 2089 867 2129 merci
907 2088 1091 2141 pretium
1132 2093 1331 2139 augeant,
1377 2087 1581 2138 originem
1613 2076 1773 2139 fingere
1804 2087 1952 2128 solent.

466 2160 636 2200 Subieci
668 2158 890 2198 elenchum
922 2157 1130 2207 locorum,
1176 2154 1333 2207 quibus
1373 2154 1548 2207 glandes
1579 2155 1724 2195 Latine
1764 2155 1990 2208 inscriptas
2020 2170 2143 2198 acce-

355 2229 496 2282 pimus
527 2233 716 2280 repertas
747 2238 854 2276 esse,
890 2224 1101 2265 adiunctis
1132 2224 1185 2263 iis
1214 2224 1356 2263 Italiae
1387 2222 1595 2275 partibus,
1629 2222 1744 2263 unde
1775 2223 1949 2275 glandes
1978 2225 2047 2265 vel
2078 2226 2147 2266 in-

352 2297 580 2350 scriptione
613 2299 806 2335 carentes
836 2293 905 2333 vel
935 2305 1018 2332 non
1050 2292 1194 2332 Latine
1226 2291 1453 2343 inscriptae
1483 2297 1785 2344 provenerunt.

410 2366 448 2404 1.
483 2366 542 2404 De
573 2363 789 2414 Asculo,
835 2361 1130 2413 Gorropoli,
1180 2362 1446 2400 Tortoreto
1485 2358 1583 2399 vide
1622 2358 1675 2400 ad
1706 2358 1881 2412 glandes
1910 2358 2142 2403 Asculanas

482 2447 526 2486 p.
553 2434 576 2471 5
599 2443 692 2483 sqq.
758 2429 880 2477 Quod
901 2428 954 2469 ad
981 2430 1180 2469 Tortoreto
1201 2429 1363 2478 attinet,
1399 2428 1440 2467 h.
1465 2427 1496 2467 l.
1519 2426 1678 2467 addere
1708 2427 1825 2479 libet,
1862 2440 1970 2480 quae
1990 2429 2146 2470 Neme-

485 2502 574 2541 sius
594 2499 733 2550 Ricci,
769 2499 804 2538 le
826 2496 1019 2537 antichita
1040 2497 1131 2537 dell'
1153 2509 1253 2550 ayro
1276 2496 1483 2535 Palmense
1503 2508 1547 2547 p.
1575 2495 1626 2534 17
1649 2503 1850 2536 memorat
1871 2509 1878 2534 :
1914 2497 2080 2537 Intorno
2102 2498 2144 2538 al

481 2568 660 2622 pomerio
692 2566 802 2607 della
836 2566 940 2606 Getta
975 2565 1152 2619 (Palmae
1184 2564 1380 2616 Picenae,
1418 2576 1545 2616 quam
1576 2558 1620 2602 111
1650 2562 1772 2603 dorso
1803 2565 1977 2616 montis,
2012 2566 2145 2606 valles

482 2636 679 2677 Vibratae
711 2640 752 2674 et
774 2633 963 2674 Salinelli
995 2633 1246 2685 separantis,
1274 2645 1297 2672 a
1318 2634 1528 2672 Tortoreto
1559 2631 1819 2672 occidentem
1840 2644 1990 2673 versus
2018 2633 2140 2674 sitam

484 2717 576 2744 esse
608 2702 783 2756 censet),
814 2701 1152 2754 principalmente
1182 2701 1248 2740 sul
1282 2701 1378 2740 colle
1408 2711 1525 2740 verso
1555 2701 1749 2752 Levante,
1784 2711 1804 2739 e
1832 2700 1936 2741 nelle
1960 2701 2143 2754 pianure

484 2772 527 2812 di
547 2772 679 2824 Ripoli
707 2783 727 2811 e
751 2771 1035 2821 Gammarone,
1069 2770 1108 2809 si
1136 2773 1354 2808 trovarono
1386 2768 1502 2809 molta
1526 2767 1701 2822 9hiande
1730 2768 1879 2808 missili
1902 2768 1947 2808 di
1968 2769 2140 2822 piombo,

484 2840 531 2879 ed
563 2840 708 2879 alcuna
738 2838 871 2878 hanno
903 2838 926 2878 l’
960 2836 1140 2891 epiyrafe
1170 2837 1214 2876 di
1242 2850 1352 2884 ιτΑι,
1387 2850 1449 2876 Fui
1485 2835 1596 2890 [vide
1626 2848 1669 2876 n.
1706 2837 1744 2888 4,
1771 2849 1788 2876 4
1829 2842 1870 2876 et
1901 2849 1944 2876 n.
1970 2838 2009 2889 6,
2035 2837 2087 2891 4].

408 2909 448 2948 2.
486 2907 705 2947 Castello
737 2907 788 2946 di
818 2907 978 2947 Ocrio.
1041 2906 1143 2945 Eam
1174 2905 1378 2958 originem
1410 2910 1594 2944 notatam
1624 2904 1706 2956 legi
1738 2904 1781 2943 in
1813 2903 1979 2945 duabus
2018 2906 2141 2958 glan-

485 2974 611 3015 dibus
642 2975 940 3027 anepigraphis
971 2974 1107 3015 musei
1137 2973 1399 3013 Kircheriani
1430 2985 1474 3012 11.
1499 2973 1581 3013 326
1604 2977 1646 3012 et
1666 2971 1764 3012 337.
1827 2973 2143 3026 Intellegendus

483 3043 658 3083 videtur
687 3055 781 3083 esse
814 3055 908 3082 cum
940 3043 1131 3082 Fiorellio
1163 3042 1278 3081 locus
1310 3040 1482 3093 quidam
1512 3039 1753 3092 provinciae
1783 3039 2031 3094 Aquilanae,
2066 3041 2141 3082 ubi

484 3117 621 3151 exstat
651 3111 772 3150 vicus
807 3111 908 3150 Ocre
939 3117 980 3150 et
1010 3123 1130 3150 mons
1164 3110 1296 3150 Ocrio.
1356 3107 1417 3149 Cf.
1454 3108 1576 3160 Corp.
1603 3109 1658 3147 IX
1688 3121 1732 3160 p.
1758 3109 1856 3147 843.

408 3180 450 3219 3.
484 3180 745 3219 Etruscas
792 3177 966 3231 glandes
995 3177 1138 3218 Asculi
1178 3183 1368 3230 repertas
1409 3177 1636 3216 memoravi
1667 3188 1710 3216 n.
1737 3175 1806 3215 45.
1870 3177 2040 3217 Praeter
2070 3190 2141 3218 eas

487 3247 658 3288 aliunde
690 3248 963 3287 innotuerunt
993 3247 1083 3298 hae,
1121 3258 1225 3298 quas
1256 3259 1277 3286 6
1309 3258 1354 3285 1·6
1384 3245 1521 3285 visum
1554 3249 1618 3284 est
1647 3245 1689 3284 h.
1723 3244 1751 3283 1.
1787 3257 2051 3296 componere.

445 3407 476 3447 4)
505 3406 652 3440 Glandis
676 3406 904 3439 Atheniensis
929 3405 1019 3438 duas
1043 3405 1163 3438 ululas
1197 3404 1398 3437 exhibentis
1429 3403 1602 3445 (Vischer,
1633 3403 1804 3445 Schriften
1829 3404 1860 3436 11
1891 3412 1926 3446 p.
1948 3403 2024 3444 250)
2050 3403 2141 3437 fides

355 3464 443 3496 mihi
467 3463 610 3497 videtur
634 3465 802 3505 suspecta
827 3471 916 3501 esse,
946 3471 1029 3494 nam
1054 3462 1229 3504 imagines
1254 3462 1402 3494 incusae
1429 3463 1524 3494 sunt.
