2210 3788
336 307 458 338 xxw
1087 296 1351 328 PRAEFATm.

469 415 648 466 grapha,
685 417 852 463 reperta
885 422 978 450 esse
1011 410 1170 450 Orvieto
1201 415 1242 450 et
1275 408 1407 450 Castel
1427 408 1464 448 d'
1493 405 1594 447 Asso
1625 418 1752 459 supra
1782 406 2025 446 memoravi.
2060 427 2118 434 —

473 482 548 521 Per
587 491 770 521 errorem
802 478 969 518 Siciliae
1008 476 1192 517 tributae
1225 483 1323 518 sunt
1362 475 1536 529 glandes
1573 475 1663 527 agri
1702 473 1849 526 Regini
1880 486 1924 513 n.
1948 473 2017 526 54,
2043 487 2116 514 (1.7

468 555 509 588 et
541 547 763 588 Perusinae
796 547 863 598 66,
890 560 927 597 5,
962 544 1036 586 ubi
1068 544 1180 585 vide.

365 617 462 657 22a.
502 615 801 668 [Aquileiae
842 619 1010 666 reperta
1048 625 1139 653 esse
1176 611 1332 653 dicitur
1361 623 1404 651 n.
1431 611 1498 662 66,
1524 624 1541 650 4
1573 621 1681 662 quae
1712 621 1795 649 non
1835 607 1982 649 dubito
2013 608 2118 662 quin

468 683 634 723 Perusia
664 681 938 735 provenerit.]
1763 684 1765 687 ⁴

367 751 435 791 23.
470 750 698 803 Apsorus
726 748 899 803 (Ossero)
928 750 971 789 in
993 749 1130 789 insula
1146 747 1369 788 Liburniae
1390 746 1512 786 Crexi
1540 743 1733 799 (Cherso).
1766 743 1871 785 Vide
1888 757 1931 785 n.
1954 745 2033 786 409
2051 757 2115 798 sq.

367 819 435 858 24.
471 818 752 871 Hispania.
815 817 918 858 Vide
949 829 993 857 n.
1019 817 1070 856 49
1103 821 1144 856 et
1175 815 1245 854 50.

945 1054 1127 1101 INDEX
1163 1052 1498 1100 MVSEORVM.

336 1167 577 1220 Augusta
608 1169 978 1217 Taurinorum,
1013 1177 1147 1205 museo
1179 1164 1223 1204 di
1251 1165 1495 1218 arciylz‘eria.
1545 1165 1647 1205 Tres
1678 1170 1929 1217 quattuorve
1959 1166 2122 1219 accepit

395 1236 447 1276 ab
487 1235 647 1287 Erolio,
697 1240 745 1275 ut
785 1236 820 1275 is
861 1235 1055 1274 Henzeno
1084 1238 1263 1272 testatus
1303 1237 1367 1272 est
1406 1245 1444 1272 a.
1482 1233 1605 1273 4882.
1687 1232 1936 1286 Apographa
1974 1232 2120 1276 eodem

393 1315 501 1343 anno
531 1303 653 1343 nobis
683 1303 867 1355 henigne
899 1301 1013 1341 misit
1031 1301 1279 1341 Vincentius
1310 1301 1479 1353 Promis,
1514 1299 1858 1342 bibliothecarius
1887 1301 2042 1355 regius.
2069 1324 2121 1333 —

402 1370 507 1412 Vide
544 1383 588 1410 n.
615 1371 682 1422 72,
709 1383 726 1411 2
757 1377 798 1410 et
827 1383 869 1410 n.
906 1370 996 1420 90*,
1025 1383 1095 1409 1-8.

336 1438 679 1480 Mediolanum.
716 1437 753 1492 a)
781 1439 969 1478 Museum
999 1436 1356 1489 archaeologicum
1383 1436 1573 1490 possidet
1594 1438 1815 1477 Perusinas
1836 1436 1956 1490 duas,
1991 1437 2124 1480 dona-

394 1513 457 1547 tas
479 1519 502 1546 a
524 1506 754 1559 Seraphino
774 1505 882 1558 Biffi,
910 1517 1088 1557 quarum
1109 1516 1194 1544 una
1214 1516 1297 1544 non
1320 1510 1383 1544 est
1404 1505 1620 1557 inscripta,
1646 1505 1777 1545 altera
1798 1511 1862 1546 est
1882 1518 1925 1546 n.
1950 1506 2019 1559 86,
2045 1519 2078 1547 2.

394 1574 429 1629 b)
465 1576 652 1615 Museum
673 1587 697 1614 a
718 1573 1016 1614 Poldi-Pezzoli
1044 1572 1084 1626 (†
1103 1571 1224 1625 4879)
1253 1573 1482 1626 municipio
1511 1571 1712 1614 donatum
1742 1572 1930 1626 possidet
1951 1574 2126 1628 glandes

472 1648 559 1683 tres
591 1642 868 1694 inscriptione
898 1647 1107 1693 carentes,
1140 1653 1268 1681 unam
1299 1653 1437 1693 nuper
1465 1630 1656 1681 incusam
1685 1654 1730 1681 n.
1764 1641 1857 1693 73*,
1882 1656 1914 1683 7.
1966 1644 2129 1686 Catale-

470 1723 547 1763 gus
578 1710 678 1750 anni
711 1710 812 1749 4884
868 1708 898 1763 (x
911 1708 979 1749 ide
1008 1706 1236 1749 Auctorum
1276 1707 1458 1749 indicem
1499 1721 1532 1749 S.
1568 1722 1609 1749 v.
1644 1709 1957 1763 Poldi-Pezzoli)
1993 1723 2037 1764 p.
2073 1713 2125 1752 68

469 1778 658 1819 breviter
688 1782 903 1818 memorat.

399 1846 432 1900 c)
468 1846 675 1886 Hamilcar
702 1844 888 1886 Ancona.
949 1843 1053 1884 Vide
1084 1856 1213 1896 supra
1244 1857 1287 1896 p.
1312 1845 1406 1883 XIX
1435 1857 1479 1884 n.
1505 1856 1550 1884 111
1560 1867 1584 1886 c.
1607 1857 1661 1885 Ν.
1688 1868 1739 1874 -
1763 1845 1906 1888 Prodit
1937 1847 2126 1903 Gataloqo

470 1914 701 1955 descrittivo
723 1913 824 1954 delle
843 1912 1018 1953 raccolte
1048 1913 1193 1966 aqizia„
1216 1924 1469 1965 preromana
1490 1912 1538 1952 ed
1558 1918 1914 1956 etrusco-romana
1933 1915 1979 1956 di
1995 1913 2127 1958 Amil-

469 1994 563 2022 care
583 1979 749 2022 Ancona
784 1979 945 2034 (Milano
970 1981 1080 2021 4880
1102 1979 1262 2034 seqq.),
1303 1979 1380 2020 sed
1410 1980 1464 2021 ad
1493 1981 1567 2021 has
1597 1994 1665 2022 res
1694 1981 1883 2023 nondum
1911 1985 2124 2037 pervenit.

344 2050 508 2090 de'ne.
575 2049 680 2090 Vide
710 2063 753 2089 n.
788 2047 882 2100 84³³,
908 2063 1002 2089 8—14.

339 2120 584 2158 Ferrara.
647 2117 848 2170 Iosephus
888 2117 1080 2157 Boschini
1119 2115 1362 2169 possidebat
1401 2115 1507 2157 duas
1546 2116 1720 2170 glandes
1755 2117 1813 2171 (n.
1844 2119 1866 2158 4
1910 2119 2052 2161 adnot.
2086 2127 2128 2161 et
2176 2151 2178 2153 -

395 2185 508 2240 442),
545 2185 599 2225 ab
627 2184 789 2226 Alessio
824 2184 964 2239 (4829)
1002 2190 1044 2225 et
1072 2185 1236 2224 Minicio
1266 2190 1529 2225 memoratas.

336 2253 582 2294 Bononia.
642 2254 688 2293 In
727 2265 872 2293 museo
903 2253 1191 2294 universitatis
1226 2252 1556 2293 asservabantur
1590 2254 1615 2292 8
1639 2254 1755 2305 Sept.
1784 2254 1908 2307 4877,
1944 2267 2026 2308 quo
2057 2254 2127 2297 die

394 2321 497 2373 vidi,
535 2321 708 2374 glandes
737 2320 936 2361 undecim
968 2321 1143 2373 originis
1179 2333 1262 2361 non
1293 2320 1522 2371 indicatae;
1576 2321 1688 2361 inter
1724 2334 1796 2362 eas
1833 2328 1994 2376 septem
2030 2331 2130 2366 sunt

394 2390 537 2429 Latine
579 2390 807 2442 inscriptae
839 2401 881 2428 n.
909 2391 948 2441 4,
976 2403 1026 2429 11.
1062 2389 1100 2441 6,
1128 2403 1178 2431 39.
1223 2389 1294 2439 24,
1321 2403 1370 2430 17.
1405 2389 1552 2440 30,10.
1588 2390 1656 2428 88.
1703 2390 1857 2441 443,1.
1902 2391 1998 2444 445,
2042 2405 2129 2433 una

395 2457 551 2498 Graece
570 2458 785 2509 inscripta,
811 2462 897 2496 tres
915 2457 1188 2509 inscriptione
1205 2463 1409 2497 carentes.
1429 2480 1486 2486 —
1502 2457 1562 2496 De
1578 2456 1862 2499 Aldrovandio
1877 2459 1976 2501 vide
1984 2472 2027 2500 n.
2045 2459 2124 2513 7‚2.

339 2525 514 2577 Cupra
543 2526 801 2565 Montana.
865 2524 969 2564 Vide
1001 2537 1043 2564 n.
1065 2523 1159 2565 88*.
1560 2536 1563 2537 ⁷

336 2593 587 2633 Firmum.
663 2593 852 2633 Caietani
893 2591 947 2632 de
985 2592 1148 2633 Minicis
1194 2591 1233 2645 (4-
1254 2592 1308 2633 27
1332 2594 1452 2633 Mart.
1489 2592 1612 2646 4874)
1658 2595 1854 2647 supellex
1891 2596 2129 2649 antiquaria

392 2667 486 2713 post
516 2665 690 2700 mortem
723 2661 815 2700 eius
845 2659 1063 2700 divendita
1094 2666 1175 2711 est;
1212 2660 1428 2712 glandium
1459 2674 1545 2702 una
1582 2660 1640 2715 (n.
1668 2661 1736 2715 65)
1773 2662 1827 2703 ad
1858 2663 2131 2706 Guardabas-

392 2729 524 2781 sium,
559 2728 648 2769 XVI
679 2727 733 2768 ad
762 2728 1107 2769 Rossi-Scottium
1138 2729 1360 2769 Perusinos
1389 2735 1677 2782 pervenerunt
1713 2729 1767 2783 (v.
1792 2744 1836 2784 p.
1860 2732 2020 2786 XXVI).

336 2797 743 2849 Ripatransone.
814 2797 858 2835 In
900 2809 1045 2837 museo
1087 2796 1212 2837 falsas
1251 2798 1358 2837 vidit
1399 2797 1669 2838 Gabriellius.
1711 2822 1770 2827 —
1808 2799 1867 2839 De
1907 2801 2127 2843 Francisco

395 2865 560 2905 Sciarra
592 2864 769 2904 Condivi
800 2864 854 2903 cf.
888 2863 942 2904 ad
971 2877 1013 2904 n.
1040 2864 1108 2914 35,
1133 2877 1165 2904 2.
1254 2916 1256 2918 ι

338 2930 888 2972 Asculum-Picenum.
951 2932 987 2985 a)
1025 2932 1071 2971 In
1093 2944 1237 2973 museo
1259 2933 1390 2972 civico
1411 2938 1612 2974 autumno
1643 2933 1743 2974 anni
1767 2934 1876 2974 4877
1899 2935 1986 2976 vidi
2007 2936 2130 2990 glan-

395 2999 471 3039 des
502 3000 707 3052 genuinas
739 3001 961 3052 inscriptas
993 2999 1109 3051 CXV,
1159 3012 1263 3052 quas
1303 3000 1478 3041 exhibui
1508 3014 1551 3040 n.
1577 3001 1704 3041 3-9,
1742 3002 1809 3043 42.
1846 3002 1914 3043 45.
1951 3004 2019 3044 46.
2056 3006 2122 3046 48.

395 3068 577 3108 24-24.
604 3068 790 3107 26—34.
814 3066 868 3107 37
891 3073 977 3107 not.
1002 3067 1072 3106 38.
1099 3068 1167 3107 42.
1194 3068 1261 3107 43.
1289 3068 1363 3118 453
1409 3069 1474 3109 his
1505 3081 1542 3109 a.
1581 3069 1689 3109 4878
1721 3076 1763 3110 et
1795 3070 1903 3111 4879
1936 3084 2135 3117 accesse-,

394 3141 493 3174 runt
514 3135 702 3188 quinque
724 3135 780 3189 (n.
807 3136 846 3187 6,
874 3149 923 3175 17.
947 3148 1059 3177 26-28.
1085 3135 1172 3189 36).
1227 3135 1432 3182 Quattuor
1452 3136 1788 3189 Corropolitanae
1819 3145 1939 3192 sunt,
1966 3146 2128 3182 ceterae

393 3215 554 3255 omnes,
589 3204 715 3243 etiam
747 3216 835 3254 eae,
869 3215 1048 3255 quarum
1079 3204 1193 3255 origo
1224 3216 1308 3243 non
1340 3202 1498 3245 diserte
1519 3205 1713 3247 adnotata
1744 3212 1822 3259 est,
1858 3207 1973 3249 haud
1994 3207 2126 3249 dubie
2207 3206 2210 3215 ²

394 3269 559 3322 Asculi,
602 3271 795 3324 inprimis
835 3271 879 3311 in
918 3271 1142 3311 Castellani
1173 3271 1290 3311 alveo
1330 3278 1525 3324 repertae
1555 3280 1669 3315 sunt.
1739 3275 1886 3316 Exstat
1916 3276 2128 3330 catalogus

394 3350 491 3389 ms.‚
527 3339 570 3378 in
601 3350 683 3390 quo
714 3339 867 3392 cuique
899 3338 1042 3392 glandi
1073 3338 1316 3379 adnotatum
1348 3346 1425 3391 est,
1462 3353 1544 3392 quo
1577 3353 1687 3382 anno
1718 3348 1772 3396 et,
1809 3344 1846 3383 si
1877 3350 2015 3397 empta
2046 3350 2123 3397 est,

395 3418 477 3458 quo
507 3407 642 3459 pretio
673 3408 879 3459 acquisita
909 3408 977 3459 sit,
1014 3408 1158 3448 multis
1187 3413 1419 3460 praeterea,
1454 3408 1529 3448 ubi
1561 3416 1754 3462 repertae
1782 3411 1868 3451 sint
1898 3418 1969 3453 aut
1999 3425 2023 3454 a
2043 3424 2126 3465 quo
